'capitalStock': 97000000.0, 'netDebt': 1609000000.0, 'totalCapitalization': 5883000000.0, 'accountsReceivable': 848000000.0, 'otherProperties': 435000000.0, 'totalNonCurrentAssets': 6107000000.0, 'accountsPayable': 549000000.0, 'totalAssets': 8367000000.0, 'currentDebtAndCapitalLeaseObligation': 128000000.0, 'ordinarySharesNumber': 485553780.0, 'commonStock': 97000000.0, 'workingCapital': 870000000.0, 'definedPensionBenefit': 21000000.0, 'longTermDebt': 1881000000.0, 'grossAccountsReceivable': 877000000.0, 'stockholdersEquity': 4002000000.0, 'machineryFurnitureEquipment': 7244000000.0, 'longTermProvisions': 35000000.0, 'investmentinFinancialAssets': 31000000.0, 'allowanceForDoubtfulAccountsReceivable': -29000000.0, 'finishedGoods': 338000000.0, 'longTermEquityInvestment': 10000000.0, 'currentLiabilities': 1390000000.0, 'properties': 2168000000.0, 'hedgingAssetsCurrent': 11000000.0, 'workInProcess': 115000000.0, 'totalDebt': 2178000000.0, 'cashAndCashEquivalents': 382000000.0, 'constructionInProgress': 638000000.0, 'accumulatedDepreciation': -5844000000.0, 'inventory': 849000000.0, 'rawMaterials': 396000000.0, 'minorityInterest': 380000000.0, 'prepaidAssets': 24000000.0, 'shareIssued': 485553780.0, 'longTermDebtAndCapitalLeaseObligation': 2050000000.0, 'currentDebt': 110000000.0, 'totalNonCurrentLiabilitiesNetMinorityInterest': 2595000000.0, 'totalEquityGrossMinorityInterest': 4382000000.0, 'currentAssets': 2260000000.0, 'tangibleBookValue': 3009000000.0, 'netPPE': 4641000000.0, 'totalTaxPayable': 140000000.0, 'otherNonCurrentAssets': 101000000.0, 'cashCashEquivalentsAndShortTermInvestments': 382000000.0, 'nonCurrentDeferredTaxesLiabilities': 278000000.0, 'totalLiabilitiesNetMinorityInterest': 3985000000.0, 'taxesReceivable': 129000000.0, 'goodwillAndOtherIntangibleAssets': 993000000.0, 'assetsHeldForSaleCurrent': 1000000.0, 'commonStockEquity': 4002000000.0, 'capitalLeaseObligations': 187000000.0}}, {'2021-12-31': {'longTermCapitalLeaseObligation': 184000000.0, 'nonCurrentPensionAndOtherPostretirementBenefitPlans': 197000000.0, 'currentCapitalLeaseObligation': 20000000.0, 'otherNonCurrentLiabilities': 18000000.0, 'retainedEarnings': 4760000000.0, 'currentProvisions': 33000000.0, 'investmentsinJointVenturesatCost': 17000000.0, 'grossPPE': 11053000000.0, 'goodwill': 926000000.0, 'otherShortTermInvestments': 4000000.0, 'otherIntangibleAssets': 76000000.0, 'otherReceivables': 24000000.0, 'treasuryStock': 18000000.0, 'nonCurrentDeferredTaxesAssets': 43000000.0, 'investedCapital': 6522000000.0, 'netTangibleAssets': 3496000000.0, 'otherPayable': 116000000.0, 'payables': 1126000000.0, 'capitalStock': 97000000.0, 'netDebt': 1551000000.0, 'totalCapitalization': 6418000000.0, 'accountsReceivable': 1144000000.0, 'otherProperties': 471000000.0, 'totalNonCurrentAssets': 6340000000.0, 'otherEquityInterest': 16000000.0, 'accountsPayable': 823000000.0, 'totalAssets': 9261000000.0, 'currentDebtAndCapitalLeaseObligation': 124000000.0, 'ordinarySharesNumber': 485553780.0, 'commonStock': 97000000.0, 'workingCapital': 1186000000.0, 'landAndImprovements': 2217000000.0, 'definedPensionBenefit': 26000000.0, 'longTermDebt': 1920000000.0, 'grossAccountsReceivable': 1173000000.0, 'stockholdersEquity': 4498000000.0, 'machineryFurnitureEquipment': 7824000000.0, 'longTermProvisions': 35000000.0, 'investmentinFinancialAssets': 33000000.0, 'allowanceForDoubtfulAccountsReceivable': -29000000.0, 'finishedGoods': 442000000.0, 'longTermEquityInvestment': 17000000.0, 'currentLiabilities': 1735000000.0, 'properties': 0.0, 'workInProcess': 138000000.0, 'totalDebt': 2228000000.0, 'cashAndCashEquivalents': 473000000.0, 'constructionInProgress': 353000000.0, 'accumulatedDepreciation': -6183000000.0, 'inventory': 1099000000.0, 'rawMaterials': 519000000.0, 'minorityInterest': 391000000.0, 'prepaidAssets': 32000000.0, 'shareIssued': 485553780.0, 'longTermDebtAndCapitalLeaseObligation': 2104000000.0, 'currentDebt': 104000000.0, 'totalNonCurrentLiabilitiesNetMinorityInterest': 2637000000.0, 'totalEquityGrossMinorityInterest': 4889000000.0, 'currentAssets': 2921000000.0, 'tangibleBookValue': 3496000000.0, 'netPPE': 4870000000.0, 'totalTaxPayable': 187000000.0, 'otherNonCurrentAssets': 1000000.0, 'cashCashEquivalentsAndShortTermInvestments': 477000000.0, 'nonCurrentDeferredTaxesLiabilities': 283000000.0, 'totalLiabilitiesNetMinorityInterest': 4372000000.0, 'taxesReceivable': 145000000.0, 'goodwillAndOtherIntangibleAssets': 1002000000.0, 'buildingsAndImprovements': 188000000.0, 'commonStockEquity': 4498000000.0, 'capitalLeaseObligations': 204000000.0}}]}}
{'cashflowStatementHistory': {'IMB.L': [{'2022-09-30': {'changeInCashSupplementalAsReported': 515000000.0, 'provisionandWriteOffofAssets': 39000000.0, 'taxesRefundPaid': -681000000.0, 'repaymentOfDebt': -2476000000.0, 'pensionAndEmployeeBenefitExpense': -56000000.0, 'beginningCashPosition': 1287000000.0, 'netBusinessPurchaseAndSale': 27000000.0, 'changeInReceivables': 89000000.0, 'netCommonStockIssuance': -1000000.0, 'dividendReceivedCFO': 7000000.0, 'netIssuancePaymentsOfDebt': -766000000.0, 'capitalExpenditure': -13000000.0, 'netIntangiblesPurchaseAndSale': -13000000.0, 'changeInPayable': 146000000.0, 'gainLossOnInvestmentSecurities': 37000000.0, 'changeInInventory': -195000000.0, 'netOtherFinancingCharges': 94000000.0, 'stockBasedCompensation': 29000000.0, 'depreciation': 660000000.0, 'saleOfBusiness': 27000000.0, 'interestPaidCFF': -366000000.0, 'issuanceOfDebt': 1710000000.0, 'depreciationAndAmortization': 660000000.0, 'netIncomeFromContinuingOperations': 2683000000.0, 'freeCashFlow': 3173000000.0, 'financingCashFlow': -2516000000.0, 'longTermDebtIssuance': 1710000000.0, 'longTermDebtPayments': -2476000000.0, 'changeInWorkingCapital': 40000000.0, 'cashDividendsPaid': -1320000000.0, 'netIncome': 1570000000.0, 'issuanceOfCapitalStock': -1000000.0, 'changesInCash': 515000000.0, 'netOtherInvestingChanges': -177000000.0, 'commonStockIssuance': -1000000.0, 'gainLossOnSaleOfBusiness': 428000000.0, 'investingCashFlow': -155000000.0, 'interestReceivedCFI': 8000000.0, 'effectOfExchangeRateChanges': 48000000.0, 'purchaseOfIntangibles': -13000000.0, 'endCashPosition': 1850000000.0, 'operatingCashFlow': 3186000000.0, 'netLongTermDebtIssuance': -766000000.0}}, {'2019-09-30': {'provisionandWriteOffofAssets': 80000000.0, 'changeInCashSupplementalAsReported': 1540000000.0, 'repaymentOfDebt': -2330000000.0, 'pensionAndEmployeeBenefitExpense': -72000000.0, 'beginningCashPosition': 775000000.0, 'taxesRefundPaid': -522000000.0, 'capitalExpenditure': -17000000.0, 'changeInPayable': 877000000.0, 'gainLossOnInvestmentSecurities': 54000000.0, 'netCommonStockIssuance': -107000000.0, 'netBusinessPurchaseAndSale': 0.0, 'netOtherFinancingCharges': -117000000.0, 'changeInInventory': -560000000.0, 'interestPaidCFF': -488000000.0, 'issuanceOfDebt': 3699000000.0, 'purchaseOfBusiness': 0.0, 'otherCashAdjustmentOutsideChangeinCash': -14000000.0, 'stockBasedCompensation': 23000000.0, 'netIncomeFromContinuingOperations': 2197000000.0, 'depreciation': 1316000000.0, 'netIssuancePaymentsOfDebt': 1369000000.0, 'longTermDebtIssuance': 3699000000.0, 'changeInReceivables': -267000000.0, 'changeInWorkingCapital': 50000000.0, 'issuanceOfCapitalStock': 1000000.0, 'changesInCash': 1540000000.0, 'netOtherInvestingChanges': -352000000.0, 'commonStockPayments': -108000000.0, 'netIncome': 1010000000.0, 'commonStockIssuance': 1000000.0, 'financingCashFlow': -1271000000.0, 'freeCashFlow': 3219000000.0, 'cashDividendsPaid': -1844000000.0, 'investingCashFlow': -425000000.0, 'longTermDebtPayments': -2330000000.0, 'interestReceivedCFI': 15000000.0, 'gainLossOnSaleOfPPE': -19000000.0, 'purchaseOfIntangibles': -17000000.0, 'otherNonCashItems': 129000000.0, 'endCashPosition': 2286000000.0, 'effectOfExchangeRateChanges': -15000000.0, 'depreciationAndAmortization': 1316000000.0, 'commonStockDividendPaid': -1844000000.0, 'netLongTermDebtIssuance': 1369000000.0, 'netIntangiblesPurchaseAndSale': -17000000.0, 'operatingCashFlow': 3236000000.0, 'repurchaseOfCapitalStock': -108000000.0}}, {'2020-09-30': {'provisionandWriteOffofAssets': -121000000.0, 'changeInCashSupplementalAsReported': -611000000.0, 'repaymentOfDebt': -3096000000.0, 'pensionAndEmployeeBenefitExpense': -88000000.0, 'beginningCashPosition': 2286000000.0, 'taxesRefundPaid': -568000000.0, 'dividendReceivedCFO': 43000000.0, 'capitalExpenditure': -146000000.0, 'changeInPayable': 734000000.0, 'gainLossOnInvestmentSecurities': 63000000.0, 'netCommonStockIssuance': -92000000.0, 'netOtherFinancingCharges': -23000000.0, 'changeInInventory': 67000000.0, 'interestPaidCFF': -429000000.0, 'issuanceOfDebt': 1240000000.0, 'otherCashAdjustmentOutsideChangeinCash': -62000000.0, 'stockBasedCompensation': 20000000.0, 'netIncomeFromContinuingOperations': 2731000000.0, 'depreciation': 910000000.0, 'netIssuancePaymentsOfDebt': -1856000000.0, 'longTermDebtIssuance': 1240000000.0, 'changeInReceivables': 241000000.0, 'changeInWorkingCapital': 1042000000.0, 'issuanceOfCapitalStock': 0.0, 'changesInCash': -611000000.0, 'netOtherInvestingChanges': -191000000.0, 'commonStockPayments': -92000000.0, 'netIncome': 1495000000.0, 'commonStockIssuance': 0.0, 'financingCashFlow': -4310000000.0, 'freeCashFlow': 3884000000.0, 'cashDividendsPaid': -1753000000.0, 'investingCashFlow': -331000000.0, 'longTermDebtPayments': -3096000000.0, 'interestReceivedCFI': 9000000.0, 'gainLossOnSaleOfPPE': -2000000.0, 'purchaseOfIntangibles': -146000000.0, 'endCashPosition': 1626000000.0, 'effectOfExchangeRateChanges': 13000000.0, 'depreciationAndAmortization': 910000000.0, 'commonStockDividendPaid': -1753000000.0, 'netLongTermDebtIssuance': -1856000000.0, 'netIntangiblesPurchaseAndSale': -146000000.0, 'operatingCashFlow': 4030000000.0, 'repurchaseOfCapitalStock': -92000000.0}}, {'2021-09-30': {'provisionandWriteOffofAssets': 18000000.0, 'changeInCashSupplementalAsReported': -330000000.0, 'repaymentOfDebt': -2224000000.0, 'pensionAndEmployeeBenefitExpense': -63000000.0, 'beginningCashPosition': 1626000000.0, 'taxesRefundPaid': -820000000.0, 'dividendReceivedCFO': 4000000.0, 'changeInPayable': -533000000.0, 'gainLossOnInvestmentSecurities': -13000000.0, 'netCommonStockIssuance': 0.0, 'netBusinessPurchaseAndSale': 845000000.0, 'netOtherFinancingCharges': 41000000.0, 'changeInInventory': 70000000.0, 'saleOfBusiness': 845000000.0, 'interestPaidCFF': -415000000.0, 'issuanceOfDebt': 858000000.0, 'stockBasedCompensation': 25000000.0, 'netIncomeFromContinuingOperations': 3146000000.0, 'depreciation': 815000000.0, 'netIssuancePaymentsOfDebt': -1366000000.0, 'longTermDebtIssuance': 858000000.0, 'changeInReceivables': -201000000.0, 'changeInWorkingCapital': -664000000.0, 'changesInCash': -330000000.0, 'netOtherInvestingChanges': -150000000.0, 'commonStockPayments': 0.0, 'netIncome': 2834000000.0, 'financingCashFlow': -3207000000.0, 'freeCashFlow': 2167000000.0, 'gainLossOnSaleOfBusiness': -281000000.0, 'cashDividendsPaid': -1305000000.0, 'investingCashFlow': 710000000.0, 'longTermDebtPayments': -2224000000.0, 'interestReceivedCFI': 15000000.0, 'endCashPosition': 1287000000.0, 'effectOfExchangeRateChanges': -9000000.0, 'depreciationAndAmortization': 815000000.0, 'netLongTermDebtIssuance': -1366000000.0, 'operatingCashFlow': 2167000000.0, 'repurchaseOfCapitalStock': 0.0}}, {'2019-03-31': {'provisionandWriteOffofAssets': 4000000.0, 'netBusinessPurchaseAndSale': -7000000.0, 'purchaseOfBusiness': -7000000.0}}]}}
{'incomeStatementHistory': {'MNDI.L': [{'2019-12-31': {'depreciationIncomeStatement': 435000000.0, 'reconciledCostOfRevenue': 3998000000.0, 'netNonOperatingInterestIncomeExpense': -123000000.0, 'netIncomeCommonStockholders': 812000000.0, 'otherunderPreferredStockDividend': 0.0, 'ebit': 1212000000.0, 'otherOperatingExpenses': 540000000.0, 'totalExpenses': 6045000000.0, 'impairmentOfCapitalAssets': 41000000.0, 'specialIncomeCharges': -2000000.0, 'netIncome': 812000000.0, 'pretaxIncome': 1103000000.0, 'taxRateForCalcs': 0.23, 'interestExpense': 109000000.0, 'totalRevenue': 7268000000.0, 'dilutedEPS': 1.676, 'interestExpenseNonOperating': 109000000.0, 'totalOtherFinanceCost': 14000000.0, 'totalUnusualItemsExcludingGoodwill': -2000000.0, 'taxProvision': 257000000.0, 'dilutedAverageShares': 484600000.0, 'netInterestIncome': -123000000.0, 'netIncomeFromContinuingAndDiscontinuedOperation': 812000000.0, 'minorityInterests': -34000000.0, 'operatingIncome': 1223000000.0, 'basicEPS': 1.676, 'netIncomeContinuousOperations': 846000000.0, 'taxEffectOfUnusualItems': -460000.0, 'totalOperatingIncomeAsReported': 1221000000.0, 'otherSpecialCharges': -41000000.0, 'operatingRevenue': 7268000000.0, 'normalizedEBITDA': 1649000000.0, 'basicAverageShares': 484600000.0, 'netIncomeIncludingNoncontrollingInterests': 846000000.0, 'reconciledDepreciation': 433000000.0, 'netIncomeFromContinuingOperationNetMinorityInterest': 812000000.0, 'costOfRevenue': 3998000000.0, 'operatingExpense': 2047000000.0, 'grossProfit': 3270000000.0, 'normalizedIncome': 813540000.0, 'totalUnusualItems': -2000000.0, 'restructuringAndMergernAcquisition': 2000000.0, 'dilutedNIAvailtoComStockholders': 812000000.0, 'depreciationAndAmortizationInIncomeStatement': 435000000.0}}, {'2020-12-31': {'depreciationIncomeStatement': 454000000.0, 'reconciledCostOfRevenue': 3678000000.0, 'netNonOperatingInterestIncomeExpense': -100000000.0, 'netIncomeCommonStockholders': 582000000.0, 'otherunderPreferredStockDividend': 0.0, 'ebit': 870000000.0, 'otherOperatingExpenses': 581000000.0, 'totalExpenses': 5764000000.0, 'specialIncomeCharges': -31000000.0, 'netIncome': 582000000.0, 'pretaxIncome': 770000000.0, 'taxRateForCalcs': 0.22, 'interestExpense': 100000000.0, 'totalRevenue': 6663000000.0, 'dilutedEPS': 1.2, 'interestExpenseNonOperating': 100000000.0, 'totalUnusualItemsExcludingGoodwill': -31000000.0, 'taxProvision': 168000000.0, 'dilutedAverageShares': 484900000.0, 'netInterestIncome': -100000000.0, 'netIncomeFromContinuingAndDiscontinuedOperation': 582000000.0, 'minorityInterests': -20000000.0, 'operatingIncome': 899000000.0, 'basicEPS': 1.2, 'netIncomeContinuousOperations': 602000000.0, 'taxEffectOfUnusualItems': -6820000.0, 'totalOperatingIncomeAsReported': 868000000.0, 'operatingRevenue': 6663000000.0, 'normalizedEBITDA': 1355000000.0, 'basicAverageShares': 484900000.0, 'netIncomeIncludingNoncontrollingInterests': 602000000.0, 'reconciledDepreciation': 428000000.0, 'netIncomeFromContinuingOperationNetMinorityInterest': 582000000.0, 'costOfRevenue': 3678000000.0, 'operatingExpense': 2086000000.0, 'grossProfit': 2985000000.0, 'normalizedIncome': 606180000.0, 'totalUnusualItems': -31000000.0, 'restructuringAndMergernAcquisition': 31000000.0, 'dilutedNIAvailtoComStockholders': 582000000.0, 'depreciationAndAmortizationInIncomeStatement': 454000000.0}}, {'2021-12-31': {'depreciationIncomeStatement': 435000000.0, 'reconciledCostOfRevenue': 4416000000.0, 'netNonOperatingInterestIncomeExpense': -98000000.0, 'netIncomeCommonStockholders': 756000000.0, 'otherunderPreferredStockDividend': 0.0, 'ebit': 1081000000.0, 'otherOperatingExpenses': 697000000.0, 'totalExpenses': 6655000000.0, 'specialIncomeCharges': 3000000.0, 'interestIncomeNonOperating': 6000000.0, 'netIncome': 756000000.0, 'pretaxIncome': 983000000.0, 'taxRateForCalcs': 0.22, 'interestExpense': 98000000.0, 'totalRevenue': 7723000000.0, 'dilutedEPS': 1.558, 'interestExpenseNonOperating': 98000000.0, 'totalUnusualItemsExcludingGoodwill': 3000000.0, 'taxProvision': 210000000.0, 'dilutedAverageShares': 485300000.0, 'netInterestIncome': -98000000.0, 'netIncomeFromContinuingAndDiscontinuedOperation': 756000000.0, 'minorityInterests': -17000000.0, 'operatingIncome': 1068000000.0, 'basicEPS': 1.559, 'netIncomeContinuousOperations': 773000000.0, 'taxEffectOfUnusualItems': 660000.0, 'totalOperatingIncomeAsReported': 1071000000.0, 'operatingRevenue': 7723000000.0, 'normalizedEBITDA': 1517000000.0, 'basicAverageShares': 485000000.0, 'netIncomeIncludingNoncontrollingInterests': 773000000.0, 'reconciledDepreciation': 439000000.0, 'netIncomeFromContinuingOperationNetMinorityInterest': 756000000.0, 'costOfRevenue': 4416000000.0, 'interestIncome': 6000000.0, 'operatingExpense': 2239000000.0, 'grossProfit': 3307000000.0, 'normalizedIncome': 753660000.0, 'totalUnusualItems': 3000000.0, 'restructuringAndMergernAcquisition': -3000000.0, 'dilutedNIAvailtoComStockholders': 756000000.0, 'depreciationAndAmortizationInIncomeStatement': 435000000.0}}, {'2022-06-30': {'taxRateForCalcs': 0.185019, 'otherunderPreferredStockDividend': 0.0, 'totalExpenses': 7514000000.0, 'netNonOperatingInterestIncomeExpense': -123000000.0, 'ebit': 1685000000.0, 'otherOperatingExpenses': 729000000.0, 'netIncomeCommonStockholders': 1276000000.0, 'dilutedNIAvailtoComStockholders': 1276000000.0, 'minorityInterests': -61000000.0, 'eBITDA': 2137000000.0, 'reconciledCostOfRevenue': 5193000000.0, 'netInterestIncome': -123000000.0, 'operatingIncome': 1431000000.0, 'totalRevenue': 8945000000.0, 'grossProfit': 3752000000.0, 'normalizedEBITDA': 1894000000.0, 'reconciledDepreciation': 452000000.0, 'specialIncomeCharges': 243000000.0, 'interestExpense': 123000000.0, 'netIncomeFromContinuingOperationNetMinorityInterest': 1212000000.0, 'depreciationIncomeStatement': 448000000.0, 'operatingRevenue': 8945000000.0, 'taxEffectOfUnusualItems': 44959667.09347, 'netIncomeContinuousOperations': 1273000000.0, 'netIncomeIncludingNoncontrollingInterests': 1337000000.0, 'taxProvision': 289000000.0, 'depreciationAndAmortizationInIncomeStatement': 448000000.0, 'totalUnusualItemsExcludingGoodwill': 243000000.0, 'netIncomeFromContinuingAndDiscontinuedOperation': 1276000000.0, 'totalOperatingIncomeAsReported': 1674000000.0, 'interestExpenseNonOperating': 123000000.0, 'restructuringAndMergernAcquisition': -246000000.0, 'normalizedIncome': 1013959667.09347, 'totalUnusualItems': 243000000.0, 'pretaxIncome': 1562000000.0, 'operatingExpense': 2321000000.0, 'costOfRevenue': 5193000000.0, 'netIncome': 1276000000.0}}]}}
{'balanceSheetHistory': {'NXT.L': [{'2021-01-31': {'investmentinFinancialAssets': 39400000.0, 'additionalPaidInCapital': 17500000.0, 'hedgingAssetsCurrent': 11100000.0, 'goodwillAndOtherIntangibleAssets': 60500000.0, 'properties': 0.0, 'longTermEquityInvestment': 4000000.0, 'inventory': 536900000.0, 'cashAndCashEquivalents': 608200000.0, 'currentLiabilities': 1196800000.0, 'totalDebt': 2442300000.0, 'cashEquivalents': 387200000.0, 'longTermDebtAndCapitalLeaseObligation': 1852800000.0, 'shareIssued': 132949276.0, 'longTermProvisions': 18600000.0, 'prepaidAssets': 31500000.0, 'allowanceForDoubtfulAccountsReceivable': -196100000.0, 'currentDebt': 419400000.0, 'machineryFurnitureEquipment': 1927300000.0, 'totalNonCurrentLiabilitiesNetMinorityInterest': 1900300000.0, 'otherIntangibleAssets': 16400000.0, 'totalEquityGrossMinorityInterest': 660900000.0, 'netPPE': 1194900000.0, 'accumulatedDepreciation': -1452300000.0, 'totalTaxPayable': 73900000.0, 'tangibleBookValue': 600400000.0, 'tradeandOtherPayablesNonCurrent': 28700000.0, 'cashCashEquivalentsAndShortTermInvestments': 608200000.0, 'totalLiabilitiesNetMinorityInterest': 3097100000.0, 'commonStockEquity': 660900000.0, 'currentAssets': 2288600000.0, 'pensionandOtherPostRetirementBenefitPlansCurrent': 200000.0, 'capitalLeaseObligations': 1185900000.0, 'cashFinancial': 221000000.0, 'buildingsAndImprovements': 709800000.0, 'treasurySharesNumber': 0.0, 'longTermCapitalLeaseObligation': 1015800000.0, 'currentCapitalLeaseObligation': 170100000.0, 'nonCurrentPensionAndOtherPostretirementBenefitPlans': 200000.0, 'retainedEarnings': 2367200000.0, 'financialAssets': 39400000.0, 'commonStock': 13300000.0, 'grossPPE': 2647200000.0, 'netTangibleAssets': 600400000.0, 'otherReceivables': 35100000.0, 'otherProperties': 10100000.0, 'otherShortTermInvestments': 11100000.0, 'nonCurrentDeferredTaxesAssets': 70400000.0, 'treasuryStock': 271200000.0, 'goodwill': 44100000.0, 'investedCapital': 1917300000.0, 'accountsPayable': 172600000.0, 'netDebt': 648200000.0, 'payables': 498200000.0, 'otherCurrentAssets': 24300000.0, 'capitalStock': 13300000.0, 'totalCapitalization': 1497900000.0, 'otherInvestments': 1000000.0, 'accountsReceivable': 1041500000.0, 'otherPayable': 251700000.0, 'totalNonCurrentAssets': 1469400000.0, 'grossAccountsReceivable': 1237600000.0, 'totalAssets': 3758000000.0, 'workingCapital': 1091800000.0, 'currentDebtAndCapitalLeaseObligation': 589500000.0, 'availableForSaleSecurities': 39400000.0, 'ordinarySharesNumber': 132949276.0, 'longTermDebt': 837000000.0, 'definedPensionBenefit': 99200000.0, 'stockholdersEquity': 660900000.0}}, {'2020-01-31': {'additionalPaidInCapital': 17500000.0, 'hedgingAssetsCurrent': 1700000.0, 'goodwillAndOtherIntangibleAssets': 44200000.0, 'properties': 0.0, 'longTermEquityInvestment': 4000000.0, 'inventory': 527600000.0, 'cashAndCashEquivalents': 86600000.0, 'currentLiabilities': 949800000.0, 'totalDebt': 2488400000.0, 'cashEquivalents': 0.0, 'longTermDebtAndCapitalLeaseObligation': 2242400000.0, 'derivativeProductLiabilities': 7800000.0, 'shareIssued': 133228915.0, 'longTermProvisions': 17300000.0, 'prepaidAssets': 38800000.0, 'allowanceForDoubtfulAccountsReceivable': -221900000.0, 'currentDebt': 73700000.0, 'machineryFurnitureEquipment': 1868200000.0, 'totalNonCurrentLiabilitiesNetMinorityInterest': 2282000000.0, 'otherIntangibleAssets': 300000.0, 'totalEquityGrossMinorityInterest': 441500000.0, 'netPPE': 1431200000.0, 'accumulatedDepreciation': -1386500000.0, 'totalTaxPayable': 152600000.0, 'nonCurrentDeferredTaxesLiabilities': 0.0, 'tangibleBookValue': 397300000.0, 'tradeandOtherPayablesNonCurrent': 14300000.0, 'cashCashEquivalentsAndShortTermInvestments': 86600000.0, 'totalLiabilitiesNetMinorityInterest': 3231800000.0, 'commonStockEquity': 441500000.0, 'currentAssets': 1955400000.0, 'pensionandOtherPostRetirementBenefitPlansCurrent': 200000.0, 'capitalLeaseObligations': 1251000000.0, 'cashFinancial': 86600000.0, 'buildingsAndImprovements': 847200000.0, 'treasurySharesNumber': 0.0, 'longTermCapitalLeaseObligation': 1078700000.0, 'currentCapitalLeaseObligation': 172300000.0, 'nonCurrentPensionAndOtherPostretirementBenefitPlans': 200000.0, 'retainedEarnings': 2163600000.0, 'financialAssets': 48400000.0, 'commonStock': 13300000.0, 'grossPPE': 2817700000.0, 'netTangibleAssets': 397300000.0, 'otherReceivables': 16500000.0, 'otherProperties': 102300000.0, 'nonCurrentDeferredTaxesAssets': 55700000.0, 'treasuryStock': 284900000.0, 'goodwill': 43900000.0, 'investedCapital': 1678900000.0, 'accountsPayable': 212800000.0, 'netDebt': 1150800000.0, 'payables': 596100000.0, 'otherCurrentAssets': 24200000.0, 'capitalStock': 13300000.0, 'totalCapitalization': 1605200000.0, 'otherInvestments': 1000000.0, 'accountsReceivable': 1260000000.0, 'otherEquityInterest': -284900000.0, 'otherPayable': 230700000.0, 'totalNonCurrentAssets': 1717900000.0, 'grossAccountsReceivable': 1481900000.0, 'totalAssets': 3673300000.0, 'workingCapital': 1005600000.0, 'currentDebtAndCapitalLeaseObligation': 246000000.0, 'ordinarySharesNumber': 133228915.0, 'longTermDebt': 1163700000.0, 'definedPensionBenefit': 133400000.0, 'stockholdersEquity': 441500000.0}}, {'2022-01-31': {'additionalPaidInCapital': 17500000.0, 'hedgingAssetsCurrent': 35500000.0, 'goodwillAndOtherIntangibleAssets': 79300000.0, 'properties': 0.0, 'longTermEquityInvestment': 45200000.0, 'inventory': 633000000.0, 'constructionInProgress': 53900000.0, 'cashAndCashEquivalents': 433000000.0, 'currentLiabilities': 1208100000.0, 'totalDebt': 2106300000.0, 'cashEquivalents': 50000000.0, 'longTermDebtAndCapitalLeaseObligation': 1710600000.0, 'derivativeProductLiabilities': 0.0, 'shareIssued': 132767884.0, 'longTermProvisions': 21900000.0, 'prepaidAssets': 53100000.0, 'allowanceForDoubtfulAccountsReceivable': -241100000.0, 'currentDebt': 233100000.0, 'machineryFurnitureEquipment': 1979600000.0, 'totalNonCurrentLiabilitiesNetMinorityInterest': 1763700000.0, 'otherIntangibleAssets': 35400000.0, 'totalEquityGrossMinorityInterest': 1010000000.0, 'netPPE': 1240200000.0, 'accumulatedDepreciation': -1451200000.0, 'totalTaxPayable': 89800000.0, 'tangibleBookValue': 930700000.0, 'tradeandOtherPayablesNonCurrent': 31100000.0, 'cashCashEquivalentsAndShortTermInvestments': 433000000.0, 'totalLiabilitiesNetMinorityInterest': 2971800000.0, 'commonStockEquity': 1010000000.0, 'currentAssets': 2407200000.0, 'pensionandOtherPostRetirementBenefitPlansCurrent': 200000.0, 'capitalLeaseObligations': 1057500000.0, 'cashFinancial': 383000000.0, 'buildingsAndImprovements': 629100000.0, 'treasurySharesNumber': 0.0, 'longTermCapitalLeaseObligation': 894900000.0, 'currentCapitalLeaseObligation': 162600000.0, 'nonCurrentPensionAndOtherPostretirementBenefitPlans': 100000.0, 'retainedEarnings': 2731000000.0, 'financialAssets': 18000000.0, 'commonStock': 13300000.0, 'grossPPE': 2691400000.0, 'netTangibleAssets': 930700000.0, 'otherReceivables': 40700000.0, 'otherProperties': 28800000.0, 'nonCurrentDeferredTaxesAssets': 34000000.0, 'goodwill': 43900000.0, 'investedCapital': 2058800000.0, 'accountsPayable': 275400000.0, 'netDebt': 615800000.0, 'payables': 731700000.0, 'otherCurrentAssets': 24800000.0, 'capitalStock': 13300000.0, 'totalCapitalization': 1825700000.0, 'otherInvestments': 1000000.0, 'accountsReceivable': 1187100000.0, 'otherEquityInterest': -331700000.0, 'otherPayable': 366500000.0, 'totalNonCurrentAssets': 1574600000.0, 'grossAccountsReceivable': 1428200000.0, 'totalAssets': 3981800000.0, 'workingCapital': 1199100000.0, 'currentDebtAndCapitalLeaseObligation': 395700000.0, 'ordinarySharesNumber': 132767884.0, 'longTermDebt': 815700000.0, 'definedPensionBenefit': 156900000.0, 'stockholdersEquity': 1010000000.0}}]}}
{'balanceSheetHistory': {'PSN.L': [{'2019-12-31': {'accountsReceivable': 40600000.0, 'totalEquityGrossMinorityInterest': 3258300000.0, 'accumulatedDepreciation': -96200000.0, 'totalTaxPayable': 79000000.0, 'nonCurrentDeferredTaxesLiabilities': 25200000.0, 'totalAssets': 4489300000.0, 'tangibleBookValue': 3072200000.0, 'tradeandOtherPayablesNonCurrent': 178000000.0, 'workingCapital': 3072400000.0, 'currentAssets': 4068600000.0, 'pensionandOtherPostRetirementBenefitPlansCurrent': 5500000.0, 'ordinarySharesNumber': 318902385.0, 'definedPensionBenefit': 77600000.0, 'stockholdersEquity': 3258300000.0, 'workInProcess': 1094600000.0, 'otherCurrentLiabilities': 5500000.0, 'nonCurrentPensionAndOtherPostretirementBenefitPlans': 31600000.0, 'retainedEarnings': 2693900000.0, 'additionalPaidInCapital': 255700000.0, 'properties': 45600000.0, 'commonStock': 31900000.0, 'inventory': 3156800000.0, 'currentLiabilities': 996200000.0, 'investmentsinJointVenturesatCost': 2100000.0, 'shareIssued': 318902385.0, 'nonCurrentDeferredTaxesAssets': 6600000.0, 'goodwill': 126100000.0, 'machineryFurnitureEquipment': 132600000.0, 'accountsPayable': 224100000.0, 'totalNonCurrentLiabilitiesNetMinorityInterest': 234800000.0, 'payables': 615100000.0, 'capitalStock': 31900000.0, 'totalCapitalization': 3258300000.0, 'otherIntangibleAssets': 60000000.0, 'netPPE': 82000000.0, 'totalNonCurrentAssets': 420700000.0, 'otherPayable': 312000000.0, 'cashCashEquivalentsAndShortTermInvestments': 843900000.0, 'totalLiabilitiesNetMinorityInterest': 1231000000.0, 'commonStockEquity': 3258300000.0, 'treasurySharesNumber': 0.0, 'goodwillAndOtherIntangibleAssets': 186100000.0, 'longTermEquityInvestment': 2100000.0, 'cashAndCashEquivalents': 843900000.0, 'grossPPE': 178200000.0, 'finishedGoods': 3156800000.0, 'otherReceivables': 27300000.0, 'netTangibleAssets': 3072200000.0, 'otherNonCurrentLiabilities': 31600000.0, 'investmentsinSubsidiariesatCost': 0.0, 'investedCapital': 3258300000.0}}, {'2020-12-31': {'accountsReceivable': 52700000.0, 'totalEquityGrossMinorityInterest': 3518400000.0, 'accumulatedDepreciation': -105400000.0, 'totalTaxPayable': 0.0, 'nonCurrentDeferredTaxesLiabilities': 22900000.0, 'totalAssets': 4623100000.0, 'tangibleBookValue': 3336600000.0, 'tradeandOtherPayablesNonCurrent': 179300000.0, 'workingCapital': 3370100000.0, 'currentAssets': 4244800000.0, 'pensionandOtherPostRetirementBenefitPlansCurrent': 5500000.0, 'ordinarySharesNumber': 319071261.0, 'definedPensionBenefit': 50600000.0, 'stockholdersEquity': 3518400000.0, 'workInProcess': 1091600000.0, 'currentProvisions': 75000000.0, 'otherCurrentLiabilities': 5500000.0, 'nonCurrentPensionAndOtherPostretirementBenefitPlans': 27800000.0, 'retainedEarnings': 2950900000.0, 'additionalPaidInCapital': 258800000.0, 'properties': 49200000.0, 'commonStock': 31900000.0, 'inventory': 2901300000.0, 'currentLiabilities': 874700000.0, 'investmentsinJointVenturesatCost': 2100000.0, 'shareIssued': 319071261.0, 'nonCurrentDeferredTaxesAssets': 7700000.0, 'goodwill': 121800000.0, 'machineryFurnitureEquipment': 146600000.0, 'accountsPayable': 206500000.0, 'totalNonCurrentLiabilitiesNetMinorityInterest': 230000000.0, 'payables': 415700000.0, 'capitalStock': 31900000.0, 'totalCapitalization': 3518400000.0, 'otherIntangibleAssets': 60000000.0, 'netPPE': 90400000.0, 'totalNonCurrentAssets': 378300000.0, 'otherPayable': 209200000.0, 'cashCashEquivalentsAndShortTermInvestments': 1234100000.0, 'totalLiabilitiesNetMinorityInterest': 1104700000.0, 'taxesReceivable': 8300000.0, 'commonStockEquity': 3518400000.0, 'treasurySharesNumber': 0.0, 'goodwillAndOtherIntangibleAssets': 181800000.0, 'longTermEquityInvestment': 2100000.0, 'cashAndCashEquivalents': 1234100000.0, 'grossPPE': 195800000.0, 'finishedGoods': 2901300000.0, 'otherReceivables': 48400000.0, 'netTangibleAssets': 3336600000.0, 'otherNonCurrentLiabilities': 27800000.0, 'investedCapital': 3518400000.0}}, {'2021-12-31': {'accountsReceivable': 87900000.0, 'totalEquityGrossMinorityInterest': 3625200000.0, 'accumulatedDepreciation': -106700000.0, 'nonCurrentDeferredTaxesLiabilities': 54600000.0, 'totalAssets': 4792200000.0, 'tangibleBookValue': 3449600000.0, 'tradeandOtherPayablesNonCurrent': 203400000.0, 'workingCapital': 3437300000.0, 'currentAssets': 4322500000.0, 'pensionandOtherPostRetirementBenefitPlansCurrent': 5500000.0, 'ordinarySharesNumber': 319206474.0, 'definedPensionBenefit': 148800000.0, 'stockholdersEquity': 3625200000.0, 'currentProvisions': 72700000.0, 'otherCurrentLiabilities': 5500000.0, 'nonCurrentPensionAndOtherPostretirementBenefitPlans': 23800000.0, 'retainedEarnings': 3055100000.0, 'additionalPaidInCapital': 261400000.0, 'properties': 50100000.0, 'commonStock': 31900000.0, 'inventory': 2920700000.0, 'currentLiabilities': 885200000.0, 'investmentsinJointVenturesatCost': 300000.0, 'shareIssued': 319206474.0, 'nonCurrentDeferredTaxesAssets': 9700000.0, 'goodwill': 115600000.0, 'machineryFurnitureEquipment': 155600000.0, 'accountsPayable': 227200000.0, 'totalNonCurrentLiabilitiesNetMinorityInterest': 281800000.0, 'payables': 493200000.0, 'capitalStock': 31900000.0, 'totalCapitalization': 3625200000.0, 'otherIntangibleAssets': 60000000.0, 'netPPE': 99000000.0, 'totalNonCurrentAssets': 469700000.0, 'otherPayable': 266000000.0, 'cashCashEquivalentsAndShortTermInvestments': 1246600000.0, 'totalLiabilitiesNetMinorityInterest': 1167000000.0, 'taxesReceivable': 21400000.0, 'commonStockEquity': 3625200000.0, 'treasurySharesNumber': 0.0, 'goodwillAndOtherIntangibleAssets': 175600000.0, 'longTermEquityInvestment': 300000.0, 'cashAndCashEquivalents': 1246600000.0, 'grossPPE': 205700000.0, 'finishedGoods': 2920700000.0, 'otherReceivables': 45900000.0, 'netTangibleAssets': 3449600000.0, 'otherNonCurrentLiabilities': 23800000.0, 'investedCapital': 3625200000.0}}]}}
{'incomeStatementHistory': {'NXT.L': [{'2022-07-31': {'operatingRevenue': 4886000000.0, 'totalUnusualItemsExcludingGoodwill': 200000.0, 'taxEffectOfUnusualItems': 36624.857469, 'netIncomeIncludingNoncontrollingInterests': 716400000.0, 'taxProvision': 160600000.0, 'interestExpenseNonOperating': 75500000.0, 'operatingIncome': 938500000.0, 'totalOperatingIncomeAsReported': 947300000.0, 'sellingGeneralAndAdministration': 1140500000.0, 'operatingExpense': 1142100000.0, 'normalizedIncome': 716236624.857469, 'sellingAndMarketingExpense': 723400000.0, 'pretaxIncome': 877000000.0, 'netIncomeContinuousOperations': 716400000.0, 'costOfRevenue': 2805400000.0, 'netIncome': 716400000.0, 'otherunderPreferredStockDividend': 0.0, 'taxRateForCalcs': 0.183124, 'ebit': 952500000.0, 'otherOperatingExpenses': 1600000.0, 'totalExpenses': 3947500000.0, 'totalUnusualItems': 200000.0, 'interestIncomeNonOperating': 5000000.0, 'dilutedNIAvailtoComStockholders': 716400000.0, 'netIncomeCommonStockholders': 716400000.0, 'eBITDA': 1144800000.0, 'reconciledCostOfRevenue': 2805400000.0, 'netNonOperatingInterestIncomeExpense': -70500000.0, 'netInterestIncome': -70500000.0, 'netIncomeFromContinuingAndDiscontinuedOperation': 716400000.0, 'grossProfit': 2080600000.0, 'interestIncome': 5000000.0, 'generalAndAdministrativeExpense': 417100000.0, 'normalizedEBITDA': 1144600000.0, 'reconciledDepreciation': 192300000.0, 'interestExpense': 75500000.0, 'netIncomeFromContinuingOperationNetMinorityInterest': 716400000.0, 'totalRevenue': 4886000000.0}}, {'2020-01-31': {'totalOperatingIncomeAsReported': 853900000.0, 'basicAverageShares': 129170195.0, 'taxEffectOfUnusualItems': -37000.0, 'totalUnusualItemsExcludingGoodwill': -200000.0, 'basicEPS': 4.724, 'netIncomeContinuousOperations': 610200000.0, 'netIncomeIncludingNoncontrollingInterests': 610200000.0, 'operatingRevenue': 4266200000.0, 'reconciledDepreciation': 263000000.0, 'netIncomeFromContinuingOperationNetMinorityInterest': 610200000.0, 'interestIncome': 200000.0, 'costOfRevenue': 2625700000.0, 'grossProfit': 1640500000.0, 'operatingExpense': 786200000.0, 'normalizedEBITDA': 1117100000.0, 'normalizedIncome': 610363000.0, 'otherNonOperatingIncomeExpenses': 15100000.0, 'dilutedNIAvailtoComStockholders': 610200000.0, 'totalUnusualItems': -200000.0, 'sellingAndMarketingExpense': 517000000.0, 'rentExpenseSupplemental': 2800000.0, 'netNonOperatingInterestIncomeExpense': -105200000.0, 'taxRateForCalcs': 0.185, 'totalExpenses': 3411900000.0, 'netIncomeCommonStockholders': 610200000.0, 'ebit': 853900000.0, 'otherOperatingExpenses': 1500000.0, 'otherunderPreferredStockDividend': 0.0, 'netIncome': 610200000.0, 'interestIncomeNonOperating': 200000.0, 'pretaxIncome': 748500000.0, 'interestExpense': 105400000.0, 'dilutedAverageShares': 130162116.0, 'interestExpenseNonOperating': 105400000.0, 'operatingIncome': 854300000.0, 'totalRevenue': 4266200000.0, 'dilutedEPS': 4.688, 'sellingGeneralAndAdministration': 784700000.0, 'taxProvision': 138300000.0, 'generalAndAdministrativeExpense': 267700000.0, 'netInterestIncome': -105200000.0, 'netIncomeFromContinuingAndDiscontinuedOperation': 610200000.0, 'reconciledCostOfRevenue': 2625700000.0}}, {'2021-01-31': {'totalOperatingIncomeAsReported': 444500000.0, 'basicAverageShares': 128392297.0, 'taxEffectOfUnusualItems': 16300.0, 'totalUnusualItemsExcludingGoodwill': 100000.0, 'basicEPS': 2.233, 'netIncomeContinuousOperations': 286700000.0, 'netIncomeIncludingNoncontrollingInterests': 286700000.0, 'operatingRevenue': 3534400000.0, 'reconciledDepreciation': 333800000.0, 'netIncomeFromContinuingOperationNetMinorityInterest': 286700000.0, 'interestIncome': 600000.0, 'costOfRevenue': 2286500000.0, 'grossProfit': 1247900000.0, 'operatingExpense': 803900000.0, 'normalizedEBITDA': 778900000.0, 'normalizedIncome': 286616300.0, 'otherNonOperatingIncomeExpenses': 7400000.0, 'dilutedNIAvailtoComStockholders': 286700000.0, 'totalUnusualItems': 100000.0, 'sellingAndMarketingExpense': 555800000.0, 'rentExpenseSupplemental': 800000.0, 'netNonOperatingInterestIncomeExpense': -102200000.0, 'taxRateForCalcs': 0.163, 'totalExpenses': 3090400000.0, 'netIncomeCommonStockholders': 286700000.0, 'ebit': 445200000.0, 'otherOperatingExpenses': 1300000.0, 'otherunderPreferredStockDividend': 0.0, 'netIncome': 286700000.0, 'interestIncomeNonOperating': 600000.0, 'pretaxIncome': 342400000.0, 'interestExpense': 102800000.0, 'dilutedAverageShares': 129202343.0, 'interestExpenseNonOperating': 102800000.0, 'operatingIncome': 444000000.0, 'totalRevenue': 3534400000.0, 'dilutedEPS': 2.219, 'sellingGeneralAndAdministration': 802600000.0, 'taxProvision': 55700000.0, 'generalAndAdministrativeExpense': 246800000.0, 'netInterestIncome': -102200000.0, 'netIncomeFromContinuingAndDiscontinuedOperation': 286700000.0, 'reconciledCostOfRevenue': 2286500000.0}}, {'2022-01-31': {'totalOperatingIncomeAsReported': 905400000.0, 'basicAverageShares': 127637528.0, 'taxEffectOfUnusualItems': 0.0, 'totalUnusualItemsExcludingGoodwill': 0.0, 'basicEPS': 5.308, 'netIncomeContinuousOperations': 677500000.0, 'netIncomeIncludingNoncontrollingInterests': 677500000.0, 'operatingRevenue': 4625900000.0, 'reconciledDepreciation': 207200000.0, 'netIncomeFromContinuingOperationNetMinorityInterest': 677500000.0, 'interestIncome': 4200000.0, 'costOfRevenue': 2653900000.0, 'grossProfit': 1972000000.0, 'operatingExpense': 1071400000.0, 'normalizedEBITDA': 1116800000.0, 'normalizedIncome': 677500000.0, 'dilutedNIAvailtoComStockholders': 677500000.0, 'totalUnusualItems': 0.0, 'sellingAndMarketingExpense': 693700000.0, 'rentExpenseSupplemental': 4100000.0, 'netNonOperatingInterestIncomeExpense': -82300000.0, 'taxRateForCalcs': 0.177, 'totalExpenses': 3725300000.0, 'netIncomeCommonStockholders': 677500000.0, 'ebit': 909600000.0, 'otherOperatingExpenses': -2500000.0, 'otherunderPreferredStockDividend': 0.0, 'netIncome': 677500000.0, 'interestIncomeNonOperating': 4200000.0, 'pretaxIncome': 823100000.0, 'interestExpense': 86500000.0, 'dilutedAverageShares': 129293893.0, 'interestExpenseNonOperating': 86500000.0, 'operatingIncome': 900600000.0, 'totalRevenue': 4625900000.0, 'dilutedEPS': 5.24, 'sellingGeneralAndAdministration': 1073900000.0, 'taxProvision': 145600000.0, 'generalAndAdministrativeExpense': 380200000.0, 'netInterestIncome': -82300000.0, 'netIncomeFromContinuingAndDiscontinuedOperation': 677500000.0, 'reconciledCostOfRevenue': 2653900000.0}}]}}
{'incomeStatementHistory': {'PSN.L': [{'2019-12-31': {'interestIncome': 7400000.0, 'totalOtherFinanceCost': -13100000.0, 'basicAverageShares': 318100000.0, 'operatingExpense': 101300000.0, 'normalizedEBITDA': 1063200000.0, 'dilutedNIAvailtoComStockholders': 848800000.0, 'netIncomeFromContinuingAndDiscontinuedOperation': 848800000.0, 'rentExpenseSupplemental': -3900000.0, 'netNonOperatingInterestIncomeExpense': 11400000.0, 'taxRateForCalcs': 0.185, 'totalOperatingIncomeAsReported': 1029400000.0, 'netIncomeCommonStockholders': 848800000.0, 'otherOperatingExpenses': 110100000.0, 'netIncomeIncludingNoncontrollingInterests': 848800000.0, 'operatingRevenue': 3649400000.0, 'reconciledDepreciation': 13300000.0, 'netIncomeFromContinuingOperationNetMinorityInterest': 848800000.0, 'interestExpense': 9100000.0, 'basicEPS': 2.668, 'interestExpenseNonOperating': 9100000.0, 'operatingIncome': 1029400000.0, 'costOfRevenue': 2518700000.0, 'totalRevenue': 3649400000.0, 'grossProfit': 1130700000.0, 'normalizedIncome': 848800000.0, 'taxProvision': 192000000.0, 'dilutedAverageShares': 318800000.0, 'netInterestIncome': 11400000.0, 'reconciledCostOfRevenue': 2518700000.0, 'totalExpenses': 2620000000.0, 'taxEffectOfUnusualItems': 0.0, 'ebit': 1049900000.0, 'otherunderPreferredStockDividend': 0.0, 'netIncomeContinuousOperations': 848800000.0, 'netIncome': 848800000.0, 'interestIncomeNonOperating': 7400000.0, 'dilutedEPS': 2.663, 'pretaxIncome': 1040800000.0}}, {'2020-12-31': {'interestIncome': 4900000.0, 'totalOtherFinanceCost': -4000000.0, 'basicAverageShares': 318800000.0, 'operatingExpense': 110900000.0, 'normalizedEBITDA': 806500000.0, 'dilutedNIAvailtoComStockholders': 638400000.0, 'netIncomeFromContinuingAndDiscontinuedOperation': 638400000.0, 'netNonOperatingInterestIncomeExpense': 300000.0, 'taxRateForCalcs': 0.186, 'totalOperatingIncomeAsReported': 783500000.0, 'netIncomeCommonStockholders': 638400000.0, 'otherOperatingExpenses': 116300000.0, 'netIncomeIncludingNoncontrollingInterests': 638400000.0, 'operatingRevenue': 3328300000.0, 'reconciledDepreciation': 14100000.0, 'netIncomeFromContinuingOperationNetMinorityInterest': 638400000.0, 'interestExpense': 8600000.0, 'basicEPS': 2.003, 'interestExpenseNonOperating': 8600000.0, 'operatingIncome': 783500000.0, 'costOfRevenue': 2433900000.0, 'totalRevenue': 3328300000.0, 'grossProfit': 894400000.0, 'normalizedIncome': 638400000.0, 'taxProvision': 145400000.0, 'dilutedAverageShares': 319900000.0, 'netInterestIncome': 300000.0, 'reconciledCostOfRevenue': 2433900000.0, 'totalExpenses': 2544800000.0, 'taxEffectOfUnusualItems': 0.0, 'ebit': 792400000.0, 'otherunderPreferredStockDividend': 0.0, 'netIncomeContinuousOperations': 638400000.0, 'netIncome': 638400000.0, 'interestIncomeNonOperating': 4900000.0, 'dilutedEPS': 1.996, 'pretaxIncome': 783800000.0}}, {'2021-12-31': {'interestIncome': 2000000.0, 'totalOtherFinanceCost': -7900000.0, 'basicAverageShares': 319000000.0, 'operatingExpense': 123300000.0, 'normalizedEBITDA': 984900000.0, 'dilutedNIAvailtoComStockholders': 787200000.0, 'netIncomeFromContinuingAndDiscontinuedOperation': 787200000.0, 'netNonOperatingInterestIncomeExpense': 6300000.0, 'taxRateForCalcs': 0.186, 'netIncomeCommonStockholders': 787200000.0, 'otherOperatingExpenses': 129700000.0, 'netIncomeIncludingNoncontrollingInterests': 787200000.0, 'operatingRevenue': 3610500000.0, 'reconciledDepreciation': 14500000.0, 'netIncomeFromContinuingOperationNetMinorityInterest': 787200000.0, 'interestExpense': 3600000.0, 'basicEPS': 2.468, 'interestExpenseNonOperating': 3600000.0, 'operatingIncome': 960500000.0, 'costOfRevenue': 2526700000.0, 'totalRevenue': 3610500000.0, 'grossProfit': 1083800000.0, 'normalizedIncome': 787200000.0, 'taxProvision': 179600000.0, 'dilutedAverageShares': 320200000.0, 'netInterestIncome': 6300000.0, 'reconciledCostOfRevenue': 2526700000.0, 'totalExpenses': 2650000000.0, 'taxEffectOfUnusualItems': 0.0, 'ebit': 970400000.0, 'otherunderPreferredStockDividend': 0.0, 'netIncomeContinuousOperations': 787200000.0, 'netIncome': 787200000.0, 'interestIncomeNonOperating': 2000000.0, 'dilutedEPS': 2.456, 'pretaxIncome': 966800000.0}}, {'2022-06-30': {'netIncomeFromContinuingAndDiscontinuedOperation': 735800000.0, 'interestIncome': 3200000.0, 'operatingExpense': 130600000.0, 'normalizedEBITDA': 944800000.0, 'reconciledDepreciation': 14800000.0, 'interestExpense': 3600000.0, 'pretaxIncome': 926400000.0, 'netIncomeFromContinuingOperationNetMinorityInterest': 735800000.0, 'netIncomeContinuousOperations': 735800000.0, 'netIncome': 735800000.0, 'otherunderPreferredStockDividend': 0.0, 'operatingRevenue': 3458300000.0, 'taxRateForCalcs': 0.205743, 'ebit': 930000000.0, 'otherOperatingExpenses': 138400000.0, 'taxEffectOfUnusualItems': 0.0, 'netIncomeIncludingNoncontrollingInterests': 735800000.0, 'dilutedNIAvailtoComStockholders': 735800000.0, 'netIncomeCommonStockholders': 735800000.0, 'eBITDA': 944800000.0, 'netNonOperatingInterestIncomeExpense': 7500000.0, 'grossProfit': 1049500000.0, 'normalizedIncome': 735800000.0, 'costOfRevenue': 2408800000.0, 'totalRevenue': 3458300000.0, 'totalExpenses': 2539400000.0, 'taxProvision': 190600000.0, 'interestIncomeNonOperating': 3200000.0, 'interestExpenseNonOperating': 3600000.0, 'reconciledCostOfRevenue': 2408800000.0, 'operatingIncome': 918900000.0, 'netInterestIncome': 7500000.0}}]}}
{'cashflowStatementHistory': {'MNDI.L': [{'2019-12-31': {'changeInReceivables': 91000000.0, 'changeInCashSupplementalAsReported': -16000000.0, 'repaymentOfDebt': -48000000.0, 'purchaseOfPPE': -757000000.0, 'netShortTermDebtIssuance': -20000000.0, 'taxesRefundPaid': -248000000.0, 'saleOfPPE': 12000000.0, 'changeInPayable': -55000000.0, 'capitalExpenditure': -817000000.0, 'shortTermDebtIssuance': -20000000.0, 'dividendReceivedCFO': 1000000.0, 'netCommonStockIssuance': -12000000.0, 'netBusinessPurchaseAndSale': 13000000.0, 'issuanceOfDebt': 0.0, 'interestPaidCFF': -96000000.0, 'saleOfBusiness': 20000000.0, 'otherNonCashItems': 91000000.0, 'purchaseOfBusiness': -7000000.0, 'netIncomeFromContinuingOperations': 1103000000.0, 'netOtherFinancingCharges': -6000000.0, 'depreciation': 433000000.0, 'netIssuancePaymentsOfDebt': -68000000.0, 'stockBasedCompensation': 11000000.0, 'beginningCashPosition': 8000000.0, 'longTermDebtIssuance': 0.0, 'netInvestmentPurchaseAndSale': -19000000.0, 'changeInInventory': -1000000.0, 'commonStockPayments': -12000000.0, 'netOtherInvestingChanges': 10000000.0, 'changeInWorkingCapital': 12000000.0, 'changesInCash': -16000000.0, 'financingCashFlow': -610000000.0, 'netIncome': 812000000.0, 'cashDividendsPaid': -396000000.0, 'freeCashFlow': 571000000.0, 'gainLossOnSaleOfBusiness': -9000000.0, 'longTermDebtPayments': -48000000.0, 'purchaseOfInvestment': -5000000.0, 'gainLossOnSaleOfPPE': -2000000.0, 'netPPEPurchaseAndSale': -745000000.0, 'investingCashFlow': -794000000.0, 'effectOfExchangeRateChanges': 1000000.0, 'interestReceivedCFI': 7000000.0, 'purchaseOfIntangibles': -12000000.0, 'endCashPosition': -7000000.0, 'depreciationAndAmortization': 433000000.0, 'saleOfInvestment': -14000000.0, 'netIntangiblesPurchaseAndSale': -12000000.0, 'commonStockDividendPaid': -396000000.0, 'changeInOtherCurrentAssets': -23000000.0, 'netLongTermDebtIssuance': -48000000.0, 'operatingCashFlow': 1388000000.0, 'repurchaseOfCapitalStock': -12000000.0, 'capitalExpenditureReported': -48000000.0}}, {'2020-12-31': {'changeInReceivables': 8000000.0, 'changeInCashSupplementalAsReported': 375000000.0, 'repaymentOfDebt': -722000000.0, 'purchaseOfPPE': -630000000.0, 'netShortTermDebtIssuance': -136000000.0, 'taxesRefundPaid': -168000000.0, 'shortTermDebtPayments': -136000000.0, 'saleOfPPE': 12000000.0, 'changeInPayable': 49000000.0, 'capitalExpenditure': -691000000.0, 'dividendReceivedCFO': 1000000.0, 'netCommonStockIssuance': -6000000.0, 'netBusinessPurchaseAndSale': 0.0, 'issuanceOfDebt': 744000000.0, 'interestPaidCFF': -82000000.0, 'saleOfBusiness': 0.0, 'otherNonCashItems': 133000000.0, 'purchaseOfBusiness': 0.0, 'netIncomeFromContinuingOperations': 770000000.0, 'netOtherFinancingCharges': 63000000.0, 'depreciation': 428000000.0, 'netIssuancePaymentsOfDebt': 22000000.0, 'stockBasedCompensation': 8000000.0, 'beginningCashPosition': -7000000.0, 'longTermDebtIssuance': 744000000.0, 'netInvestmentPurchaseAndSale': 1000000.0, 'changeInInventory': 68000000.0, 'commonStockPayments': -6000000.0, 'netOtherInvestingChanges': 16000000.0, 'changeInWorkingCapital': 116000000.0, 'changesInCash': 375000000.0, 'financingCashFlow': -268000000.0, 'netIncome': 582000000.0, 'cashDividendsPaid': -237000000.0, 'freeCashFlow': 627000000.0, 'gainLossOnSaleOfBusiness': 0.0, 'longTermDebtPayments': -586000000.0, 'gainLossOnSaleOfPPE': -2000000.0, 'netPPEPurchaseAndSale': -618000000.0, 'investingCashFlow': -675000000.0, 'effectOfExchangeRateChanges': -20000000.0, 'interestReceivedCFI': 4000000.0, 'purchaseOfIntangibles': -18000000.0, 'endCashPosition': 348000000.0, 'depreciationAndAmortization': 428000000.0, 'saleOfInvestment': 1000000.0, 'netIntangiblesPurchaseAndSale': -18000000.0, 'commonStockDividendPaid': -237000000.0, 'netLongTermDebtIssuance': 158000000.0, 'operatingCashFlow': 1318000000.0, 'repurchaseOfCapitalStock': -6000000.0, 'capitalExpenditureReported': -43000000.0}}, {'2021-12-31': {'changeInReceivables': -334000000.0, 'changeInCashSupplementalAsReported': 108000000.0, 'repaymentOfDebt': -4000000.0, 'purchaseOfPPE': -573000000.0, 'provisionandWriteOffofAssets': -7000000.0, 'pensionAndEmployeeBenefitExpense': -15000000.0, 'netShortTermDebtIssuance': -4000000.0, 'taxesRefundPaid': -190000000.0, 'shortTermDebtPayments': -4000000.0, 'saleOfPPE': 22000000.0, 'changeInPayable': 367000000.0, 'capitalExpenditure': -635000000.0, 'dividendReceivedCFO': 1000000.0, 'netCommonStockIssuance': -7000000.0, 'netBusinessPurchaseAndSale': -64000000.0, 'issuanceOfDebt': 59000000.0, 'interestPaidCFF': -78000000.0, 'otherNonCashItems': 162000000.0, 'purchaseOfBusiness': -64000000.0, 'netIncomeFromContinuingOperations': 983000000.0, 'netOtherFinancingCharges': -15000000.0, 'depreciation': 439000000.0, 'netIssuancePaymentsOfDebt': 55000000.0, 'stockBasedCompensation': 9000000.0, 'beginningCashPosition': 348000000.0, 'longTermDebtIssuance': 59000000.0, 'netInvestmentPurchaseAndSale': 0.0, 'changeInInventory': -238000000.0, 'commonStockPayments': -7000000.0, 'netOtherInvestingChanges': 4000000.0, 'changeInWorkingCapital': -205000000.0, 'changesInCash': 108000000.0, 'financingCashFlow': -372000000.0, 'netIncome': 756000000.0, 'cashDividendsPaid': -298000000.0, 'freeCashFlow': 515000000.0, 'gainLossOnSaleOfPPE': 1000000.0, 'netPPEPurchaseAndSale': -551000000.0, 'investingCashFlow': -670000000.0, 'effectOfExchangeRateChanges': -1000000.0, 'interestReceivedCFI': 4000000.0, 'purchaseOfIntangibles': -17000000.0, 'endCashPosition': 455000000.0, 'depreciationAndAmortization': 439000000.0, 'saleOfInvestment': 0.0, 'netIntangiblesPurchaseAndSale': -17000000.0, 'netLongTermDebtIssuance': 59000000.0, 'operatingCashFlow': 1150000000.0, 'repurchaseOfCapitalStock': -7000000.0, 'capitalExpenditureReported': -45000000.0}}, {'2022-06-30': {'changeInCashSupplementalAsReported': 810000000.0, 'provisionandWriteOffofAssets': -8000000.0, 'netBusinessPurchaseAndSale': 646000000.0, 'netCommonStockIssuance': -6000000.0, 'changeInReceivables': -500000000.0, 'capitalExpenditure': -612000000.0, 'operatingCashFlow': 1293000000.0, 'dividendReceivedCFO': 1000000.0, 'netIntangiblesPurchaseAndSale': -13000000.0, 'depreciation': 452000000.0, 'netShortTermDebtIssuance': -3000000.0, 'repaymentOfDebt': -53000000.0, 'stockBasedCompensation': 10000000.0, 'netIssuancePaymentsOfDebt': -56000000.0, 'pensionAndEmployeeBenefitExpense': -14000000.0, 'depreciationAndAmortization': 452000000.0, 'interestPaidCFF': -75000000.0, 'netOtherFinancingCharges': -71000000.0, 'changeInInventory': -319000000.0, 'issuanceOfDebt': -4000000.0, 'otherNonCashItems': 158000000.0, 'longTermDebtIssuance': -4000000.0, 'financingCashFlow': -553000000.0, 'purchaseOfPPE': -552000000.0, 'purchaseOfBusiness': 0.0, 'freeCashFlow': 681000000.0, 'cashDividendsPaid': -315000000.0, 'commonStockPayments': -6000000.0, 'beginningCashPosition': 237000000.0, 'netIncome': 1276000000.0, 'netOtherInvestingChanges': 26000000.0, 'changesInCash': 810000000.0, 'purchaseOfIntangibles': -13000000.0, 'changeInWorkingCapital': -436000000.0, 'effectOfExchangeRateChanges': 98000000.0, 'gainLossOnSaleOfPPE': 3000000.0, 'interestReceivedCFI': 4000000.0, 'investingCashFlow': 70000000.0, 'netIncomeFromContinuingOperations': 1562000000.0, 'endCashPosition': 1047000000.0, 'repurchaseOfCapitalStock': -6000000.0, 'changeInPayable': 383000000.0, 'netLongTermDebtIssuance': -53000000.0, 'netPPEPurchaseAndSale': -545000000.0, 'capitalExpenditureReported': -47000000.0, 'saleOfPPE': 7000000.0, 'taxesRefundPaid': -220000000.0}}]}}
{'cashflowStatementHistory': {'PSN.L': [{'2022-06-30': {'interestReceivedCFO': 2000000.0, 'capitalExpenditure': -25300000.0, 'saleOfPPE': 1100000.0, 'beginningCashPosition': 1315200000.0, 'netOtherFinancingCharges': -4000000.0, 'changeInReceivables': -18300000.0, 'commonStockIssuance': 2700000.0, 'operatingCashFlow': 245700000.0, 'freeCashFlow': 220400000.0, 'financingCashFlow': -754500000.0, 'interestPaidCFO': -3700000.0, 'purchaseOfPPE': -25300000.0, 'depreciationAndAmortization': 14800000.0, 'otherNonCashItems': -9200000.0, 'netCommonStockIssuance': 2700000.0, 'investingCashFlow': -24400000.0, 'cashDividendsPaid': -749900000.0, 'netIncomeFromContinuingOperations': 735800000.0, 'netIncome': 735800000.0, 'issuanceOfCapitalStock': 2700000.0, 'stockBasedCompensation': 7600000.0, 'changeInInventory': -577500000.0, 'changeInWorkingCapital': -494200000.0, 'deferredTax': 190600000.0, 'depreciation': 14800000.0, 'changeInCashSupplementalAsReported': -533200000.0, 'changesInCash': -533200000.0, 'changeInPayable': 101600000.0, 'taxesRefundPaid': -203500000.0, 'endCashPosition': 782000000.0, 'netPPEPurchaseAndSale': -24200000.0}}, {'2019-12-31': {'saleOfPPE': 700000.0, 'taxesRefundPaid': -159600000.0, 'capitalExpenditure': -27500000.0, 'repurchaseOfCapitalStock': 0.0, 'interestReceivedCFO': 5600000.0, 'changeInCashSupplementalAsReported': -204200000.0, 'netOtherFinancingCharges': -3400000.0, 'netCommonStockIssuance': -43300000.0, 'changeInReceivables': 37700000.0, 'changeInInventory': -87700000.0, 'saleOfBusiness': 900000.0, 'otherNonCashItems': -11300000.0, 'netIncome': 848800000.0, 'purchaseOfPPE': -27500000.0, 'commonStockPayments': 0.0, 'beginningCashPosition': 1048100000.0, 'freeCashFlow': 592500000.0, 'financingCashFlow': -798300000.0, 'cashDividendsPaid': -747800000.0, 'netPPEPurchaseAndSale': -26800000.0, 'investingCashFlow': -25900000.0, 'issuanceOfCapitalStock': -43300000.0, 'depreciationAndAmortization': 13300000.0, 'changeInWorkingCapital': -275600000.0, 'depreciation': 13300000.0, 'stockBasedCompensation': 3700000.0, 'commonStockIssuance': -43300000.0, 'netIncomeFromContinuingOperations': 848800000.0, 'deferredTax': 192000000.0, 'operatingCashFlow': 620000000.0, 'interestPaidCFO': -4200000.0, 'changeInPayable': -225600000.0, 'endCashPosition': 843900000.0, 'netBusinessPurchaseAndSale': 900000.0, 'changesInCash': -204200000.0, 'amortizationCashFlow': 0.0, 'commonStockDividendPaid': -747800000.0}}, {'2020-12-31': {'saleOfPPE': 800000.0, 'taxesRefundPaid': -228400000.0, 'capitalExpenditure': -18900000.0, 'interestReceivedCFO': 4700000.0, 'changeInCashSupplementalAsReported': 390200000.0, 'netOtherFinancingCharges': -3600000.0, 'netCommonStockIssuance': 700000.0, 'changeInReceivables': -29400000.0, 'changeInInventory': 265000000.0, 'provisionandWriteOffofAssets': 75000000.0, 'otherNonCashItems': -9000000.0, 'netIncome': 638400000.0, 'purchaseOfPPE': -18900000.0, 'beginningCashPosition': 843900000.0, 'freeCashFlow': 746600000.0, 'financingCashFlow': -357200000.0, 'cashDividendsPaid': -350700000.0, 'netPPEPurchaseAndSale': -18100000.0, 'investingCashFlow': -18100000.0, 'issuanceOfCapitalStock': 700000.0, 'depreciationAndAmortization': 14100000.0, 'changeInWorkingCapital': 118700000.0, 'depreciation': 14100000.0, 'stockBasedCompensation': 6400000.0, 'commonStockIssuance': 700000.0, 'netIncomeFromContinuingOperations': 638400000.0, 'deferredTax': 145400000.0, 'operatingCashFlow': 765500000.0, 'interestPaidCFO': -4100000.0, 'changeInPayable': -116900000.0, 'endCashPosition': 1234100000.0, 'changesInCash': 390200000.0, 'amortizationCashFlow': 0.0, 'commonStockDividendPaid': -350700000.0}}, {'2021-12-31': {'saleOfPPE': 900000.0, 'taxesRefundPaid': -186200000.0, 'capitalExpenditure': -20900000.0, 'interestReceivedCFO': 1900000.0, 'changeInCashSupplementalAsReported': 12500000.0, 'netOtherFinancingCharges': -3800000.0, 'netCommonStockIssuance': 2600000.0, 'changeInReceivables': -40600000.0, 'changeInInventory': -9800000.0, 'otherNonCashItems': -8100000.0, 'netIncome': 787200000.0, 'purchaseOfPPE': -20900000.0, 'beginningCashPosition': 1234100000.0, 'freeCashFlow': 763900000.0, 'financingCashFlow': -754100000.0, 'cashDividendsPaid': -749600000.0, 'netPPEPurchaseAndSale': -20000000.0, 'investingCashFlow': -18200000.0, 'issuanceOfCapitalStock': 2600000.0, 'depreciationAndAmortization': 14500000.0, 'changeInWorkingCapital': -13000000.0, 'depreciation': 14500000.0, 'stockBasedCompensation': 6400000.0, 'commonStockIssuance': 2600000.0, 'netIncomeFromContinuingOperations': 787200000.0, 'deferredTax': 179600000.0, 'operatingCashFlow': 784800000.0, 'interestPaidCFO': -3700000.0, 'changeInPayable': 37400000.0, 'endCashPosition': 1246600000.0, 'netOtherInvestingChanges': 1800000.0, 'changesInCash': 12500000.0}}, {'2020-06-30': {'saleOfBusiness': 0.0, 'netBusinessPurchaseAndSale': 0.0}}, {'2019-06-30': {'repurchaseOfCapitalStock': -1300000.0, 'commonStockPayments': -1300000.0}}]}}<DataBaseHelper.TickerTypeVals object at 0x7f107d20c130>
{'balanceSheetHistory': {'RMV.L': [{'2019-12-31': {'otherNonCurrentLiabilities': 871000.0, 'nonCurrentDeferredTaxesAssets': 2718000.0, 'treasurySharesNumber': 13360310.0, 'buildingsAndImprovements': 1115000.0, 'cashCashEquivalentsAndShortTermInvestments': 35751000.0, 'totalLiabilitiesNetMinorityInterest': 56806000.0, 'retainedEarnings': 39908000.0, 'otherShortTermInvestments': 4141000.0, 'commonStock': 892000.0, 'goodwill': 16516000.0, 'capitalStock': 892000.0, 'longTermCapitalLeaseObligation': 10499000.0, 'totalCapitalization': 41340000.0, 'currentCapitalLeaseObligation': 1709000.0, 'otherPayable': 481000.0, 'investedCapital': 41340000.0, 'netTangibleAssets': 19386000.0, 'totalAssets': 98146000.0, 'currentDebtAndCapitalLeaseObligation': 1709000.0, 'workingCapital': 18150000.0, 'otherReceivables': 940000.0, 'ordinarySharesNumber': 878055698.0, 'totalNonCurrentAssets': 37474000.0, 'grossPPE': 26112000.0, 'accountsPayable': 8089000.0, 'grossAccountsReceivable': 20285000.0, 'restrictedCash': 507000.0, 'payables': 38446000.0, 'longTermProvisions': 2914000.0, 'prepaidAssets': 3922000.0, 'allowanceForDoubtfulAccountsReceivable': -733000.0, 'machineryFurnitureEquipment': 11791000.0, 'stockholdersEquity': 41340000.0, 'cashAndCashEquivalents': 31610000.0, 'landAndImprovements': 13206000.0, 'properties': 0.0, 'goodwillAndOtherIntangibleAssets': 21954000.0, 'totalTaxPayable': 29876000.0, 'accountsReceivable': 19552000.0, 'totalEquityGrossMinorityInterest': 41340000.0, 'currentAssets': 60672000.0, 'shareIssued': 891416008.0, 'longTermDebtAndCapitalLeaseObligation': 10499000.0, 'totalNonCurrentLiabilitiesNetMinorityInterest': 14284000.0, 'commonStockEquity': 41340000.0, 'capitalLeaseObligations': 12208000.0, 'otherIntangibleAssets': 5438000.0, 'netPPE': 12802000.0, 'currentLiabilities': 42522000.0, 'accumulatedDepreciation': -13310000.0, 'totalDebt': 12208000.0, 'currentProvisions': 256000.0, 'tangibleBookValue': 19386000.0}}, {'2020-12-31': {'otherNonCurrentLiabilities': 859000.0, 'nonCurrentDeferredTaxesAssets': 2843000.0, 'treasuryStock': 11552000.0, 'treasurySharesNumber': 13285490.0, 'buildingsAndImprovements': 1115000.0, 'cashCashEquivalentsAndShortTermInvestments': 96236000.0, 'totalLiabilitiesNetMinorityInterest': 37299000.0, 'retainedEarnings': 133265000.0, 'commonStock': 887000.0, 'goodwill': 16516000.0, 'capitalStock': 887000.0, 'longTermCapitalLeaseObligation': 10287000.0, 'totalCapitalization': 123145000.0, 'currentCapitalLeaseObligation': 2023000.0, 'otherPayable': 414000.0, 'investedCapital': 123145000.0, 'netTangibleAssets': 101033000.0, 'totalAssets': 160444000.0, 'currentDebtAndCapitalLeaseObligation': 2023000.0, 'workingCapital': 98453000.0, 'otherReceivables': 436000.0, 'ordinarySharesNumber': 873102126.0, 'totalNonCurrentAssets': 38807000.0, 'grossPPE': 30419000.0, 'accountsPayable': 8621000.0, 'grossAccountsReceivable': 18277000.0, 'restrictedCash': 454000.0, 'payables': 18925000.0, 'longTermProvisions': 2969000.0, 'prepaidAssets': 5951000.0, 'allowanceForDoubtfulAccountsReceivable': -880000.0, 'machineryFurnitureEquipment': 14670000.0, 'stockholdersEquity': 123145000.0, 'cashAndCashEquivalents': 96236000.0, 'landAndImprovements': 14634000.0, 'properties': 0.0, 'goodwillAndOtherIntangibleAssets': 22112000.0, 'totalTaxPayable': 9890000.0, 'accountsReceivable': 17397000.0, 'totalEquityGrossMinorityInterest': 123145000.0, 'currentAssets': 121637000.0, 'shareIssued': 886387616.0, 'longTermDebtAndCapitalLeaseObligation': 10287000.0, 'totalNonCurrentLiabilitiesNetMinorityInterest': 14115000.0, 'commonStockEquity': 123145000.0, 'taxesReceivable': 1163000.0, 'capitalLeaseObligations': 12310000.0, 'otherIntangibleAssets': 5596000.0, 'netPPE': 13852000.0, 'currentLiabilities': 23184000.0, 'accumulatedDepreciation': -16567000.0, 'totalDebt': 12310000.0, 'currentProvisions': 666000.0, 'tangibleBookValue': 101033000.0}}, {'2021-12-31': {'nonCurrentDeferredTaxesAssets': 2169000.0, 'treasuryStock': 5929000.0, 'treasurySharesNumber': 12480472.0, 'buildingsAndImprovements': 1115000.0, 'cashCashEquivalentsAndShortTermInvestments': 47899000.0, 'totalLiabilitiesNetMinorityInterest': 37045000.0, 'retainedEarnings': 80688000.0, 'otherShortTermInvestments': 5003000.0, 'commonStock': 860000.0, 'goodwill': 16516000.0, 'capitalStock': 860000.0, 'longTermCapitalLeaseObligation': 8832000.0, 'totalCapitalization': 70532000.0, 'currentCapitalLeaseObligation': 2177000.0, 'otherPayable': 979000.0, 'investedCapital': 70532000.0, 'netTangibleAssets': 49391000.0, 'totalAssets': 107577000.0, 'currentDebtAndCapitalLeaseObligation': 2177000.0, 'workingCapital': 44649000.0, 'otherReceivables': 274000.0, 'ordinarySharesNumber': 847197760.0, 'totalNonCurrentAssets': 35300000.0, 'grossPPE': 32005000.0, 'accountsPayable': 3056000.0, 'grossAccountsReceivable': 18645000.0, 'restrictedCash': 89000.0, 'payables': 15009000.0, 'longTermProvisions': 585000.0, 'prepaidAssets': 5028000.0, 'allowanceForDoubtfulAccountsReceivable': -715000.0, 'machineryFurnitureEquipment': 16056000.0, 'stockholdersEquity': 70532000.0, 'cashAndCashEquivalents': 42896000.0, 'landAndImprovements': 14834000.0, 'properties': 0.0, 'goodwillAndOtherIntangibleAssets': 21141000.0, 'otherEquityInterest': -5659000.0, 'totalTaxPayable': 10974000.0, 'accountsReceivable': 17930000.0, 'totalEquityGrossMinorityInterest': 70532000.0, 'currentAssets': 72277000.0, 'shareIssued': 859678232.0, 'longTermDebtAndCapitalLeaseObligation': 8832000.0, 'totalNonCurrentLiabilitiesNetMinorityInterest': 9417000.0, 'commonStockEquity': 70532000.0, 'taxesReceivable': 1057000.0, 'capitalLeaseObligations': 11009000.0, 'otherIntangibleAssets': 4625000.0, 'netPPE': 11990000.0, 'currentLiabilities': 27628000.0, 'accumulatedDepreciation': -20015000.0, 'totalDebt': 11009000.0, 'currentProvisions': 61000.0, 'tangibleBookValue': 49391000.0}}]}}
{'cashflowStatementHistory': {'NXT.L': [{'2022-07-31': {'netOtherFinancingCharges': 1900000.0, 'endCashPosition': 61200000.0, 'repurchaseOfCapitalStock': -237100000.0, 'saleOfPPE': 59900000.0, 'freeCashFlow': 404100000.0, 'financingCashFlow': -1049200000.0, 'commonStockPayments': -237100000.0, 'beginningCashPosition': 708700000.0, 'issuanceOfCapitalStock': -85200000.0, 'purchaseOfPPE': -254500000.0, 'amortizationCashFlow': 7800000.0, 'effectOfExchangeRateChanges': 2200000.0, 'netCommonStockIssuance': -322300000.0, 'commonStockIssuance': -85200000.0, 'operatingCashFlow': 685500000.0, 'netIntangiblesPurchaseAndSale': -26900000.0, 'stockBasedCompensation': 22700000.0, 'changeInInventory': -233000000.0, 'depreciationAndAmortization': 192300000.0, 'interestPaidCFF': -87700000.0, 'changeInPayable': 61100000.0, 'netIncome': 716400000.0, 'purchaseOfBusiness': -64600000.0, 'changeInCashSupplementalAsReported': -647500000.0, 'netForeignCurrencyExchangeGainLoss': -7100000.0, 'changesInCash': -647500000.0, 'changeInWorkingCapital': -323000000.0, 'netBusinessPurchaseAndSale': -64600000.0, 'taxesRefundPaid': -131900000.0, 'netPPEPurchaseAndSale': -194600000.0, 'changeInReceivables': -151100000.0, 'investingCashFlow': -283800000.0, 'capitalExpenditure': -281400000.0, 'netIssuancePaymentsOfDebt': -200000000.0, 'purchaseOfIntangibles': -26900000.0, 'pensionAndEmployeeBenefitExpense': -6000000.0, 'depreciation': 184500000.0, 'netIncomeFromContinuingOperations': 947300000.0}}, {'2021-01-31': {'saleOfBusiness': 3900000.0, 'commonStockDividendPaid': 0.0, 'netIntangiblesPurchaseAndSale': -16700000.0, 'netIssuancePaymentsOfDebt': -40000000.0, 'netOtherFinancingCharges': 500000.0, 'netLongTermDebtIssuance': -40000000.0, 'repurchaseOfCapitalStock': -19300000.0, 'netIncome': 286700000.0, 'purchaseOfPPE': -144600000.0, 'commonStockPayments': -19300000.0, 'beginningCashPosition': 52900000.0, 'commonStockIssuance': -26300000.0, 'freeCashFlow': 663500000.0, 'financingCashFlow': -203300000.0, 'longTermDebtPayments': -40000000.0, 'netCommonStockIssuance': -45600000.0, 'effectOfExchangeRateChanges': -300000.0, 'depreciationAndAmortization': 333800000.0, 'interestPaidCFF': -101600000.0, 'depreciation': 333400000.0, 'stockBasedCompensation': 16700000.0, 'purchaseOfBusiness': -2400000.0, 'netIncomeFromContinuingOperations': 444500000.0, 'operatingCashFlow': 824800000.0, 'changeInReceivables': 205400000.0, 'changeInInventory': -9600000.0, 'issuanceOfCapitalStock': -26300000.0, 'netForeignCurrencyExchangeGainLoss': 1100000.0, 'changesInCash': 462200000.0, 'amortizationCashFlow': 400000.0, 'changeInWorkingCapital': 166300000.0, 'repaymentOfDebt': -40000000.0, 'changeInCashSupplementalAsReported': 462200000.0, 'pensionAndEmployeeBenefitExpense': -22900000.0, 'gainLossOnSaleOfBusiness': -1000000.0, 'saleOfPPE': 500000.0, 'netPPEPurchaseAndSale': -144100000.0, 'taxesRefundPaid': -113200000.0, 'changeInPayable': -29500000.0, 'investingCashFlow': -159300000.0, 'capitalExpenditure': -161300000.0, 'purchaseOfIntangibles': -16700000.0, 'endCashPosition': 514800000.0, 'netBusinessPurchaseAndSale': 1500000.0}}, {'2022-01-31': {'saleOfBusiness': 0.0, 'netIntangiblesPurchaseAndSale': -22700000.0, 'netIssuancePaymentsOfDebt': -325000000.0, 'netOtherFinancingCharges': 800000.0, 'netLongTermDebtIssuance': -325000000.0, 'repurchaseOfCapitalStock': -8700000.0, 'netIncome': 677500000.0, 'purchaseOfPPE': -243600000.0, 'commonStockPayments': -8700000.0, 'beginningCashPosition': 514800000.0, 'commonStockIssuance': -78800000.0, 'freeCashFlow': 705100000.0, 'financingCashFlow': -993400000.0, 'cashDividendsPaid': -344500000.0, 'longTermDebtPayments': -325000000.0, 'netCommonStockIssuance': -87500000.0, 'effectOfExchangeRateChanges': -400000.0, 'depreciationAndAmortization': 207200000.0, 'interestPaidCFF': -91100000.0, 'depreciation': 202900000.0, 'stockBasedCompensation': 19900000.0, 'purchaseOfBusiness': -34300000.0, 'netIncomeFromContinuingOperations': 905400000.0, 'operatingCashFlow': 971400000.0, 'changeInReceivables': -165400000.0, 'changeInInventory': -96500000.0, 'issuanceOfCapitalStock': -78800000.0, 'netForeignCurrencyExchangeGainLoss': -1600000.0, 'changesInCash': -314500000.0, 'amortizationCashFlow': 4300000.0, 'changeInWorkingCapital': -26700000.0, 'repaymentOfDebt': -325000000.0, 'changeInCashSupplementalAsReported': -314500000.0, 'pensionAndEmployeeBenefitExpense': -2700000.0, 'gainLossOnSaleOfBusiness': 0.0, 'saleOfPPE': 18900000.0, 'netPPEPurchaseAndSale': -224700000.0, 'taxesRefundPaid': -125300000.0, 'changeInPayable': 235200000.0, 'investingCashFlow': -292500000.0, 'capitalExpenditure': -266300000.0, 'purchaseOfIntangibles': -22700000.0, 'endCashPosition': 199900000.0, 'netBusinessPurchaseAndSale': -34300000.0}}, {'2020-01-31': {'commonStockDividendPaid': -213600000.0, 'netIssuancePaymentsOfDebt': 35200000.0, 'netOtherFinancingCharges': 200000.0, 'netLongTermDebtIssuance': 35200000.0, 'repurchaseOfCapitalStock': -300200000.0, 'netIncome': 610200000.0, 'purchaseOfPPE': -136400000.0, 'commonStockPayments': -300200000.0, 'beginningCashPosition': 34000000.0, 'commonStockIssuance': -27300000.0, 'freeCashFlow': 790800000.0, 'financingCashFlow': -769200000.0, 'cashDividendsPaid': -213600000.0, 'netCommonStockIssuance': -327500000.0, 'effectOfExchangeRateChanges': 0.0, 'depreciationAndAmortization': 263000000.0, 'issuanceOfDebt': 35200000.0, 'interestPaidCFF': -100900000.0, 'depreciation': 263000000.0, 'stockBasedCompensation': 14700000.0, 'purchaseOfBusiness': -3000000.0, 'netIncomeFromContinuingOperations': 853900000.0, 'operatingCashFlow': 927200000.0, 'longTermDebtIssuance': 35200000.0, 'changeInReceivables': -34000000.0, 'changeInInventory': -25600000.0, 'issuanceOfCapitalStock': -27300000.0, 'netForeignCurrencyExchangeGainLoss': 1700000.0, 'changesInCash': 18900000.0, 'amortizationCashFlow': 0.0, 'changeInWorkingCapital': -62900000.0, 'changeInCashSupplementalAsReported': 18900000.0, 'pensionAndEmployeeBenefitExpense': -5300000.0, 'saleOfPPE': 300000.0, 'netPPEPurchaseAndSale': -136100000.0, 'taxesRefundPaid': -138000000.0, 'changeInPayable': -3300000.0, 'investingCashFlow': -139100000.0, 'capitalExpenditure': -136400000.0, 'endCashPosition': 52900000.0, 'netBusinessPurchaseAndSale': -3000000.0}}]}}
{'balanceSheetHistory': {'SKG.L': [{'2019-12-31': {'otherCurrentAssets': 11000000.0, 'otherPayable': 202000000.0, 'totalCapitalization': 2952000000.0, 'capitalStock': 0.0, 'otherInvestments': 10000000.0, 'accountsPayable': 1019000000.0, 'payables': 1345000000.0, 'netPPE': 4266000000.0, 'totalNonCurrentAssets': 7245000000.0, 'otherIntangibleAssets': 233000000.0, 'totalNonCurrentLiabilitiesNetMinorityInterest': 4717000000.0, 'inventory': 830000000.0, 'cashCashEquivalentsAndShortTermInvestments': 189000000.0, 'investmentsinAssociatesatCost': 16000000.0, 'totalLiabilitiesNetMinorityInterest': 6932000000.0, 'hedgingAssetsCurrent': 13000000.0, 'commonStockEquity': 2952000000.0, 'grossAccountsReceivable': 1431000000.0, 'treasurySharesNumber': 0.0, 'cashAndCashEquivalents': 189000000.0, 'investmentinFinancialAssets': 10000000.0, 'finishedGoods': 360000000.0, 'longTermEquityInvestment': 16000000.0, 'goodwillAndOtherIntangibleAssets': 2616000000.0, 'grossPPE': 8372000000.0, 'financialAssets': 6000000.0, 'otherReceivables': 169000000.0, 'cashEquivalents': 115000000.0, 'totalTaxPayable': 124000000.0, 'netTangibleAssets': 336000000.0, 'otherInventories': 11000000.0, 'investedCapital': 2952000000.0, 'longTermProvisions': 78000000.0, 'otherNonCurrentLiabilities': 18000000.0, 'prepaidAssets': 66000000.0, 'currentAssets': 2680000000.0, 'accountsReceivable': 1399000000.0, 'totalEquityGrossMinorityInterest': 2993000000.0, 'restrictedCash': 14000000.0, 'otherEquityInterest': 215000000.0, 'currentDebtAndCapitalLeaseObligation': 185000000.0, 'accumulatedDepreciation': -4106000000.0, 'ordinarySharesNumber': 237888327.0, 'workingCapital': 465000000.0, 'tradeandOtherPayablesNonCurrent': 37000000.0, 'nonCurrentDeferredTaxesLiabilities': 175000000.0, 'totalAssets': 9925000000.0, 'cashFinancial': 74000000.0, 'tangibleBookValue': 336000000.0, 'stockholdersEquity': 2952000000.0, 'nonCurrentPensionAndOtherPostretirementBenefitPlans': 899000000.0, 'financialAssetsDesignatedasFairValueThroughProfitorLossTotal': 10000000.0, 'currentProvisions': 147000000.0, 'workInProcess': 39000000.0, 'currentLiabilities': 2215000000.0, 'properties': 2035000000.0, 'totalDebt': 3686000000.0, 'additionalPaidInCapital': 1986000000.0, 'retainedEarnings': 615000000.0, 'commonStock': 0.0, 'derivativeProductLiabilities': 9000000.0, 'goodwill': 2383000000.0, 'rawMaterials': 420000000.0, 'longTermDebtAndCapitalLeaseObligation': 3501000000.0, 'treasuryStock': 42000000.0, 'minorityInterest': 41000000.0, 'otherProperties': 346000000.0, 'shareIssued': 237888327.0, 'allowanceForDoubtfulAccountsReceivable': -32000000.0, 'machineryFurnitureEquipment': 6337000000.0, 'nonCurrentDeferredTaxesAssets': 185000000.0}}, {'2020-12-31': {'otherPayable': 178000000.0, 'totalCapitalization': 3770000000.0, 'capitalStock': 0.0, 'otherInvestments': 11000000.0, 'accountsPayable': 978000000.0, 'payables': 1281000000.0, 'netPPE': 4150000000.0, 'totalNonCurrentAssets': 7032000000.0, 'otherIntangibleAssets': 208000000.0, 'totalNonCurrentLiabilitiesNetMinorityInterest': 4277000000.0, 'inventory': 784000000.0, 'cashCashEquivalentsAndShortTermInvestments': 891000000.0, 'investmentsinAssociatesatCost': 12000000.0, 'totalLiabilitiesNetMinorityInterest': 6507000000.0, 'hedgingAssetsCurrent': 38000000.0, 'commonStockEquity': 3770000000.0, 'buildingsAndImprovements': 218000000.0, 'grossAccountsReceivable': 1387000000.0, 'cashAndCashEquivalents': 891000000.0, 'investmentinFinancialAssets': 11000000.0, 'finishedGoods': 347000000.0, 'longTermEquityInvestment': 12000000.0, 'goodwillAndOtherIntangibleAssets': 2552000000.0, 'grossPPE': 9127000000.0, 'financialAssets': 0.0, 'otherReceivables': 121000000.0, 'cashEquivalents': 824000000.0, 'totalTaxPayable': 125000000.0, 'netTangibleAssets': 1218000000.0, 'otherInventories': 11000000.0, 'investedCapital': 3770000000.0, 'longTermProvisions': 50000000.0, 'otherNonCurrentLiabilities': 21000000.0, 'prepaidAssets': 80000000.0, 'currentAssets': 3258000000.0, 'accountsReceivable': 1334000000.0, 'totalEquityGrossMinorityInterest': 3783000000.0, 'restrictedCash': 10000000.0, 'otherEquityInterest': 241000000.0, 'landAndImprovements': 1874000000.0, 'currentDebtAndCapitalLeaseObligation': 154000000.0, 'accumulatedDepreciation': -4977000000.0, 'ordinarySharesNumber': 257979697.0, 'workingCapital': 1028000000.0, 'tradeandOtherPayablesNonCurrent': 23000000.0, 'nonCurrentDeferredTaxesLiabilities': 191000000.0, 'totalAssets': 10290000000.0, 'cashFinancial': 67000000.0, 'tangibleBookValue': 1218000000.0, 'stockholdersEquity': 3770000000.0, 'nonCurrentPensionAndOtherPostretirementBenefitPlans': 853000000.0, 'financialAssetsDesignatedasFairValueThroughProfitorLossTotal': 11000000.0, 'currentProvisions': 221000000.0, 'workInProcess': 33000000.0, 'currentLiabilities': 2230000000.0, 'properties': 0.0, 'totalDebt': 3276000000.0, 'additionalPaidInCapital': 2646000000.0, 'retainedEarnings': 917000000.0, 'commonStock': 0.0, 'derivativeProductLiabilities': 17000000.0, 'goodwill': 2344000000.0, 'rawMaterials': 393000000.0, 'longTermDebtAndCapitalLeaseObligation': 3122000000.0, 'treasuryStock': 49000000.0, 'minorityInterest': 13000000.0, 'otherProperties': 311000000.0, 'shareIssued': 257979697.0, 'allowanceForDoubtfulAccountsReceivable': -53000000.0, 'machineryFurnitureEquipment': 7035000000.0, 'nonCurrentDeferredTaxesAssets': 172000000.0}}, {'2021-12-31': {'otherPayable': 254000000.0, 'totalCapitalization': 4379000000.0, 'capitalStock': 0.0, 'otherInvestments': 11000000.0, 'accountsPayable': 1419000000.0, 'payables': 1849000000.0, 'netPPE': 4611000000.0, 'totalNonCurrentAssets': 7637000000.0, 'otherIntangibleAssets': 211000000.0, 'totalNonCurrentLiabilitiesNetMinorityInterest': 4488000000.0, 'inventory': 1056000000.0, 'cashCashEquivalentsAndShortTermInvestments': 855000000.0, 'investmentsinAssociatesatCost': 13000000.0, 'totalLiabilitiesNetMinorityInterest': 7315000000.0, 'hedgingAssetsCurrent': 8000000.0, 'commonStockEquity': 4379000000.0, 'buildingsAndImprovements': 235000000.0, 'grossAccountsReceivable': 1830000000.0, 'cashAndCashEquivalents': 855000000.0, 'investmentinFinancialAssets': 11000000.0, 'finishedGoods': 471000000.0, 'longTermEquityInvestment': 13000000.0, 'goodwillAndOtherIntangibleAssets': 2722000000.0, 'grossPPE': 10102000000.0, 'financialAssets': 2000000.0, 'otherReceivables': 250000000.0, 'cashEquivalents': 755000000.0, 'totalTaxPayable': 176000000.0, 'netTangibleAssets': 1657000000.0, 'otherInventories': 10000000.0, 'investedCapital': 4379000000.0, 'longTermProvisions': 35000000.0, 'otherNonCurrentLiabilities': 24000000.0, 'prepaidAssets': 101000000.0, 'currentAssets': 4070000000.0, 'accountsReceivable': 1786000000.0, 'totalEquityGrossMinorityInterest': 4392000000.0, 'restrictedCash': 14000000.0, 'otherEquityInterest': 293000000.0, 'landAndImprovements': 2089000000.0, 'currentDebtAndCapitalLeaseObligation': 165000000.0, 'accumulatedDepreciation': -5491000000.0, 'ordinarySharesNumber': 259033759.0, 'workingCapital': 1243000000.0, 'tradeandOtherPayablesNonCurrent': 28000000.0, 'nonCurrentDeferredTaxesLiabilities': 175000000.0, 'totalAssets': 11707000000.0, 'cashFinancial': 100000000.0, 'tangibleBookValue': 1657000000.0, 'stockholdersEquity': 4379000000.0, 'nonCurrentPensionAndOtherPostretirementBenefitPlans': 630000000.0, 'financialAssetsDesignatedasFairValueThroughProfitorLossTotal': 11000000.0, 'currentProvisions': 58000000.0, 'workInProcess': 47000000.0, 'currentLiabilities': 2827000000.0, 'properties': 0.0, 'totalDebt': 3754000000.0, 'additionalPaidInCapital': 2646000000.0, 'retainedEarnings': 1473000000.0, 'commonStock': 0.0, 'derivativeProductLiabilities': 7000000.0, 'goodwill': 2511000000.0, 'rawMaterials': 528000000.0, 'longTermDebtAndCapitalLeaseObligation': 3589000000.0, 'treasuryStock': 59000000.0, 'minorityInterest': 13000000.0, 'otherProperties': 346000000.0, 'shareIssued': 259033759.0, 'allowanceForDoubtfulAccountsReceivable': -44000000.0, 'machineryFurnitureEquipment': 7778000000.0, 'nonCurrentDeferredTaxesAssets': 149000000.0}}, {'2022-12-31': {'totalCapitalization': 5025000000.0, 'capitalStock': 0.0, 'otherInvestments': 10000000.0, 'accountsPayable': 2642000000.0, 'payables': 2691000000.0, 'netPPE': 4976000000.0, 'totalNonCurrentAssets': 7973000000.0, 'totalNonCurrentLiabilitiesNetMinorityInterest': 4417000000.0, 'inventory': 1241000000.0, 'cashCashEquivalentsAndShortTermInvestments': 777000000.0, 'investmentsinAssociatesatCost': 16000000.0, 'totalLiabilitiesNetMinorityInterest': 7444000000.0, 'hedgingAssetsCurrent': 46000000.0, 'commonStockEquity': 5025000000.0, 'treasurySharesNumber': 0.0, 'cashAndCashEquivalents': 777000000.0, 'longTermEquityInvestment': 16000000.0, 'goodwillAndOtherIntangibleAssets': 2672000000.0, 'grossPPE': 4976000000.0, 'financialAssets': 2000000.0, 'totalTaxPayable': 49000000.0, 'netTangibleAssets': 2353000000.0, 'investedCapital': 5025000000.0, 'longTermProvisions': 37000000.0, 'otherNonCurrentLiabilities': 26000000.0, 'currentAssets': 4509000000.0, 'accountsReceivable': 2399000000.0, 'totalEquityGrossMinorityInterest': 5038000000.0, 'restrictedCash': 11000000.0, 'otherEquityInterest': 334000000.0, 'currentDebtAndCapitalLeaseObligation': 180000000.0, 'ordinarySharesNumber': 259033759.0, 'workingCapital': 1482000000.0, 'tradeandOtherPayablesNonCurrent': 26000000.0, 'nonCurrentDeferredTaxesLiabilities': 190000000.0, 'totalAssets': 12482000000.0, 'assetsHeldForSaleCurrent': 35000000.0, 'definedPensionBenefit': 17000000.0, 'tangibleBookValue': 2353000000.0, 'stockholdersEquity': 5025000000.0, 'nonCurrentPensionAndOtherPostretirementBenefitPlans': 534000000.0, 'currentProvisions': 100000000.0, 'currentLiabilities': 3027000000.0, 'properties': 1269000000.0, 'totalDebt': 3780000000.0, 'additionalPaidInCapital': 2646000000.0, 'retainedEarnings': 2143000000.0, 'commonStock': 0.0, 'derivativeProductLiabilities': 4000000.0, 'longTermDebtAndCapitalLeaseObligation': 3600000000.0, 'treasuryStock': 65000000.0, 'minorityInterest': 13000000.0, 'otherProperties': 345000000.0, 'shareIssued': 259033759.0, 'machineryFurnitureEquipment': 3362000000.0, 'nonCurrentDeferredTaxesAssets': 141000000.0}}]}}
{'incomeStatementHistory': {'RMV.L': [{'2019-12-31': {'basicAverageShares': 884363137.0, 'netIncomeCommonStockholders': 173089000.0, 'ebit': 214048000.0, 'normalizedIncome': 173089000.0, 'taxRateForCalcs': 0.19, 'netIncome': 173089000.0, 'otherunderPreferredStockDividend': 0.0, 'totalRevenue': 289320000.0, 'taxProvision': 40473000.0, 'pretaxIncome': 213562000.0, 'interestIncomeNonOperating': 318000.0, 'sellingGeneralAndAdministration': 75590000.0, 'operatingIncome': 213730000.0, 'totalExpenses': 75590000.0, 'interestExpenseNonOperating': 486000.0, 'netIncomeFromContinuingAndDiscontinuedOperation': 173089000.0, 'netInterestIncome': -168000.0, 'basicEPS': 0.1957, 'netIncomeFromContinuingOperationNetMinorityInterest': 173089000.0, 'taxEffectOfUnusualItems': 0.0, 'netIncomeContinuousOperations': 173089000.0, 'dilutedAverageShares': 888033169.0, 'reconciledDepreciation': 3594000.0, 'generalAndAdministrativeExpense': 75590000.0, 'operatingExpense': 75590000.0, 'interestExpense': 486000.0, 'dilutedNIAvailtoComStockholders': 173089000.0, 'normalizedEBITDA': 217642000.0, 'operatingRevenue': 289320000.0, 'netIncomeIncludingNoncontrollingInterests': 173089000.0, 'dilutedEPS': 0.1949, 'interestIncome': 318000.0, 'netNonOperatingInterestIncomeExpense': -168000.0, 'totalOperatingIncomeAsReported': 213730000.0}}, {'2020-12-31': {'basicAverageShares': 871183559.0, 'netIncomeCommonStockholders': 109775000.0, 'ebit': 135293000.0, 'normalizedIncome': 109775000.0, 'taxRateForCalcs': 0.185, 'netIncome': 109775000.0, 'otherunderPreferredStockDividend': 0.0, 'totalRevenue': 205717000.0, 'taxProvision': 25040000.0, 'pretaxIncome': 134815000.0, 'interestIncomeNonOperating': 151000.0, 'sellingGeneralAndAdministration': 70575000.0, 'operatingIncome': 135142000.0, 'totalExpenses': 70575000.0, 'interestExpenseNonOperating': 478000.0, 'netIncomeFromContinuingAndDiscontinuedOperation': 109775000.0, 'netInterestIncome': -327000.0, 'basicEPS': 0.126, 'netIncomeFromContinuingOperationNetMinorityInterest': 109775000.0, 'taxEffectOfUnusualItems': 0.0, 'netIncomeContinuousOperations': 109775000.0, 'dilutedAverageShares': 873674922.0, 'reconciledDepreciation': 4270000.0, 'generalAndAdministrativeExpense': 70575000.0, 'operatingExpense': 70575000.0, 'interestExpense': 478000.0, 'dilutedNIAvailtoComStockholders': 109775000.0, 'normalizedEBITDA': 139563000.0, 'operatingRevenue': 205717000.0, 'netIncomeIncludingNoncontrollingInterests': 109775000.0, 'dilutedEPS': 0.1257, 'interestIncome': 151000.0, 'netNonOperatingInterestIncomeExpense': -327000.0, 'totalOperatingIncomeAsReported': 135142000.0}}, {'2021-12-31': {'basicAverageShares': 858770021.0, 'netIncomeCommonStockholders': 183094000.0, 'ebit': 226120000.0, 'normalizedIncome': 183094000.0, 'taxRateForCalcs': 0.189, 'netIncome': 183094000.0, 'otherunderPreferredStockDividend': 0.0, 'totalRevenue': 304886000.0, 'taxProvision': 42555000.0, 'pretaxIncome': 225649000.0, 'interestIncomeNonOperating': 20000.0, 'sellingGeneralAndAdministration': 81193000.0, 'operatingIncome': 226100000.0, 'totalExpenses': 78786000.0, 'interestExpenseNonOperating': 471000.0, 'netIncomeFromContinuingAndDiscontinuedOperation': 183094000.0, 'netInterestIncome': -451000.0, 'basicEPS': 0.213, 'netIncomeFromContinuingOperationNetMinorityInterest': 183094000.0, 'taxEffectOfUnusualItems': 0.0, 'netIncomeContinuousOperations': 183094000.0, 'dilutedAverageShares': 860281746.0, 'reconciledDepreciation': 4439000.0, 'generalAndAdministrativeExpense': 81193000.0, 'operatingExpense': 78786000.0, 'interestExpense': 471000.0, 'dilutedNIAvailtoComStockholders': 183094000.0, 'normalizedEBITDA': 230559000.0, 'operatingRevenue': 304886000.0, 'netIncomeIncludingNoncontrollingInterests': 183094000.0, 'dilutedEPS': 0.213, 'interestIncome': 20000.0, 'netNonOperatingInterestIncomeExpense': -451000.0, 'totalOperatingIncomeAsReported': 226100000.0}}, {'2022-06-30': {'netNonOperatingInterestIncomeExpense': -341000.0, 'taxRateForCalcs': 0.189597, 'netIncomeCommonStockholders': 188170000.0, 'netInterestIncome': -341000.0, 'interestIncomeNonOperating': 108000.0, 'eBITDA': 237111000.0, 'totalExpenses': 85113000.0, 'totalRevenue': 317647000.0, 'interestExpenseNonOperating': 449000.0, 'operatingIncome': 232534000.0, 'netIncomeFromContinuingAndDiscontinuedOperation': 188170000.0, 'interestExpense': 449000.0, 'generalAndAdministrativeExpense': 85113000.0, 'taxProvision': 44023000.0, 'taxEffectOfUnusualItems': 0.0, 'totalOperatingIncomeAsReported': 232534000.0, 'netIncomeFromContinuingOperationNetMinorityInterest': 188170000.0, 'reconciledDepreciation': 4469000.0, 'netIncomeIncludingNoncontrollingInterests': 188170000.0, 'normalizedEBITDA': 237111000.0, 'operatingRevenue': 317647000.0, 'sellingGeneralAndAdministration': 85113000.0, 'interestIncome': 108000.0, 'pretaxIncome': 232193000.0, 'normalizedIncome': 188170000.0, 'dilutedNIAvailtoComStockholders': 188170000.0, 'netIncome': 188170000.0, 'otherunderPreferredStockDividend': 0.0, 'ebit': 232642000.0, 'operatingExpense': 85113000.0, 'netIncomeContinuousOperations': 188170000.0}}]}}
{'balanceSheetHistory': {'RTO.L': [{'2019-12-31': {'restrictedCash': 54600000.0, 'netDebt': 888900000.0, 'otherNonCurrentAssets': 2329000000.0, 'otherEquityInterest': -1842400000.0, 'totalTaxPayable': 72900000.0, 'accumulatedDepreciation': -532600000.0, 'rawMaterials': 8400000.0, 'currentDebtAndCapitalLeaseObligation': 156600000.0, 'totalAssets': 3394400000.0, 'ordinarySharesNumber': 1849332965.0, 'cashFinancial': 184900000.0, 'nonCurrentDeferredTaxesLiabilities': 110800000.0, 'tangibleBookValue': -671700000.0, 'stockholdersEquity': 1001700000.0, 'currentAssets': 925700000.0, 'definedPensionBenefit': 37400000.0, 'longTermDebt': 1059300000.0, 'currentProvisions': 25100000.0, 'machineryFurnitureEquipment': 354900000.0, 'nonCurrentPensionAndOtherPostretirementBenefitPlans': 37500000.0, 'totalDebt': 1360600000.0, 'workInProcess': 1500000.0, 'additionalPaidInCapital': 6800000.0, 'retainedEarnings': 2844100000.0, 'currentLiabilities': 915800000.0, 'workingCapital': 9900000.0, 'commonStock': 18500000.0, 'properties': 84100000.0, 'inventory': 106500000.0, 'otherCurrentLiabilities': 890700000.0, 'derivativeProductLiabilities': 32300000.0, 'goodwill': 1342500000.0, 'otherShortTermInvestments': 1700000.0, 'longTermDebtAndCapitalLeaseObligation': 1204000000.0, 'shareIssued': 1849332965.0, 'otherProperties': 706500000.0, 'accountsReceivable': 500700000.0, 'otherInvestments': 300000.0, 'capitalStock': 18500000.0, 'minorityInterest': 600000.0, 'longTermCapitalLeaseObligation': 144700000.0, 'nonCurrentDeferredTaxesAssets': 29300000.0, 'accountsPayable': 660700000.0, 'totalNonCurrentLiabilitiesNetMinorityInterest': 1476300000.0, 'otherCurrentAssets': 819000000.0, 'totalCapitalization': 2061000000.0, 'totalNonCurrentAssets': 2468700000.0, 'payables': 733600000.0, 'netPPE': 612900000.0, 'taxesReceivable': 7000000.0, 'otherIntangibleAssets': 330900000.0, 'investmentsinAssociatesatCost': 29700000.0, 'totalLiabilitiesNetMinorityInterest': 2392100000.0, 'cashCashEquivalentsAndShortTermInvestments': 256700000.0, 'capitalLeaseObligations': 216700000.0, 'hedgingAssetsCurrent': 200000.0, 'commonStockEquity': 1001700000.0, 'currentCapitalLeaseObligation': 72000000.0, 'grossPPE': 1145500000.0, 'cashAndCashEquivalents': 255000000.0, 'longTermEquityInvestment': 29700000.0, 'financialAssets': 7600000.0, 'tradeandOtherPayablesNonCurrent': 17600000.0, 'finishedGoods': 96600000.0, 'goodwillAndOtherIntangibleAssets': 1673400000.0, 'cashEquivalents': 70100000.0, 'currentDebt': 84600000.0, 'netTangibleAssets': -671700000.0, 'totalEquityGrossMinorityInterest': 1002300000.0, 'nonCurrentDeferredAssets': 65400000.0, 'longTermProvisions': 34000000.0, 'investedCapital': 2145600000.0, 'otherNonCurrentLiabilities': 40100000.0}}, {'2020-12-31': {'restrictedCash': 57700000.0, 'netDebt': 958600000.0, 'totalTaxPayable': 80000000.0, 'accumulatedDepreciation': -594600000.0, 'rawMaterials': 10800000.0, 'landAndImprovements': 87300000.0, 'currentDebtAndCapitalLeaseObligation': 1919300000.0, 'totalAssets': 5838200000.0, 'ordinarySharesNumber': 1854332965.0, 'cashFinancial': 2219500000.0, 'nonCurrentDeferredTaxesLiabilities': 94700000.0, 'tangibleBookValue': -792400000.0, 'stockholdersEquity': 1129700000.0, 'currentAssets': 3093900000.0, 'definedPensionBenefit': 19000000.0, 'longTermDebt': 1337600000.0, 'currentProvisions': 30100000.0, 'machineryFurnitureEquipment': 508800000.0, 'nonCurrentPensionAndOtherPostretirementBenefitPlans': 38800000.0, 'totalDebt': 3398700000.0, 'workInProcess': 1800000.0, 'additionalPaidInCapital': 6800000.0, 'retainedEarnings': 3030600000.0, 'currentLiabilities': 2957900000.0, 'workingCapital': 136000000.0, 'commonStock': 18500000.0, 'properties': 0.0, 'inventory': 131300000.0, 'derivativeProductLiabilities': 32300000.0, 'goodwill': 1608400000.0, 'otherShortTermInvestments': 172200000.0, 'longTermDebtAndCapitalLeaseObligation': 1479400000.0, 'shareIssued': 1854332965.0, 'otherProperties': 523500000.0, 'accountsReceivable': 548600000.0, 'otherInvestments': 200000.0, 'capitalStock': 18500000.0, 'minorityInterest': 900000.0, 'longTermCapitalLeaseObligation': 141800000.0, 'nonCurrentDeferredTaxesAssets': 37700000.0, 'accountsPayable': 925000000.0, 'totalNonCurrentLiabilitiesNetMinorityInterest': 1749700000.0, 'totalCapitalization': 2467300000.0, 'totalNonCurrentAssets': 2744300000.0, 'payables': 1005000000.0, 'netPPE': 620200000.0, 'taxesReceivable': 10600000.0, 'otherIntangibleAssets': 313700000.0, 'investmentsinAssociatesatCost': 27200000.0, 'totalLiabilitiesNetMinorityInterest': 4707600000.0, 'cashCashEquivalentsAndShortTermInvestments': 2397800000.0, 'capitalLeaseObligations': 214500000.0, 'hedgingAssetsCurrent': 5600000.0, 'commonStockEquity': 1129700000.0, 'buildingsAndImprovements': 95200000.0, 'currentCapitalLeaseObligation': 72700000.0, 'grossPPE': 1214800000.0, 'cashAndCashEquivalents': 2225600000.0, 'longTermEquityInvestment': 27200000.0, 'financialAssets': 37000000.0, 'tradeandOtherPayablesNonCurrent': 23400000.0, 'finishedGoods': 118700000.0, 'goodwillAndOtherIntangibleAssets': 1922100000.0, 'cashEquivalents': 6100000.0, 'currentDebt': 1846600000.0, 'netTangibleAssets': -792400000.0, 'totalEquityGrossMinorityInterest': 1130600000.0, 'nonCurrentDeferredAssets': 67800000.0, 'longTermProvisions': 34100000.0, 'investedCapital': 4313900000.0, 'otherNonCurrentLiabilities': 47000000.0}}, {'2021-12-31': {'restrictedCash': 6600000.0, 'netDebt': 1053600000.0, 'totalTaxPayable': 60500000.0, 'accumulatedDepreciation': -605400000.0, 'rawMaterials': 12500000.0, 'landAndImprovements': 87500000.0, 'currentDebtAndCapitalLeaseObligation': 537100000.0, 'totalAssets': 4323100000.0, 'ordinarySharesNumber': 1859332965.0, 'cashFinancial': 547200000.0, 'nonCurrentDeferredTaxesLiabilities': 108100000.0, 'tangibleBookValue': -899900000.0, 'stockholdersEquity': 1264400000.0, 'currentAssets': 1343600000.0, 'definedPensionBenefit': 19000000.0, 'longTermDebt': 1256100000.0, 'currentProvisions': 27000000.0, 'machineryFurnitureEquipment': 532600000.0, 'nonCurrentPensionAndOtherPostretirementBenefitPlans': 27300000.0, 'totalDebt': 1932400000.0, 'workInProcess': 2000000.0, 'additionalPaidInCapital': 6800000.0, 'retainedEarnings': 3166600000.0, 'currentLiabilities': 1389600000.0, 'workingCapital': -46000000.0, 'commonStock': 18600000.0, 'properties': 0.0, 'inventory': 135700000.0, 'derivativeProductLiabilities': 75300000.0, 'goodwill': 1844200000.0, 'otherShortTermInvestments': 1600000.0, 'longTermDebtAndCapitalLeaseObligation': 1395300000.0, 'shareIssued': 1859332965.0, 'otherProperties': 517700000.0, 'accountsReceivable': 526900000.0, 'otherInvestments': 200000.0, 'capitalStock': 18600000.0, 'financialAssetsDesignatedasFairValueThroughProfitorLossTotal': 200000.0, 'minorityInterest': -500000.0, 'longTermCapitalLeaseObligation': 139200000.0, 'nonCurrentDeferredTaxesAssets': 41600000.0, 'accountsPayable': 764000000.0, 'totalNonCurrentLiabilitiesNetMinorityInterest': 1669600000.0, 'totalCapitalization': 2520500000.0, 'totalNonCurrentAssets': 2979500000.0, 'payables': 824500000.0, 'netPPE': 625600000.0, 'taxesReceivable': 8500000.0, 'otherIntangibleAssets': 320100000.0, 'investmentsinAssociatesatCost': 29700000.0, 'totalLiabilitiesNetMinorityInterest': 3059200000.0, 'cashCashEquivalentsAndShortTermInvestments': 663400000.0, 'capitalLeaseObligations': 217000000.0, 'hedgingAssetsCurrent': 2500000.0, 'commonStockEquity': 1264400000.0, 'buildingsAndImprovements': 93200000.0, 'currentCapitalLeaseObligation': 77800000.0, 'grossPPE': 1231000000.0, 'investmentinFinancialAssets': 200000.0, 'cashAndCashEquivalents': 661800000.0, 'longTermEquityInvestment': 29700000.0, 'financialAssets': 9800000.0, 'tradeandOtherPayablesNonCurrent': 28400000.0, 'finishedGoods': 121200000.0, 'goodwillAndOtherIntangibleAssets': 2164300000.0, 'cashEquivalents': 114600000.0, 'currentDebt': 459300000.0, 'netTangibleAssets': -899900000.0, 'totalEquityGrossMinorityInterest': 1263900000.0, 'nonCurrentDeferredAssets': 75000000.0, 'longTermProvisions': 33900000.0, 'investedCapital': 2979800000.0, 'otherNonCurrentLiabilities': 1300000.0}}]}}
{'incomeStatementHistory': {'SKG.L': [{'2022-12-31': {'operatingIncome': 1662000000.0, 'totalRevenue': 12815000000.0, 'interestExpenseNonOperating': 158000000.0, 'costOfRevenue': 8752000000.0, 'grossProfit': 4063000000.0, 'basicEPS': 3.653, 'sellingAndMarketingExpense': 961000000.0, 'netIncomeIncludingNoncontrollingInterests': 945000000.0, 'totalUnusualItemsExcludingGoodwill': -221000000.0, 'taxProvision': 348000000.0, 'normalizedIncome': 1172519721.577726, 'minorityInterests': -1000000.0, 'netInterestIncome': -149000000.0, 'otherSpecialCharges': 128000000.0, 'totalOperatingIncomeAsReported': 1439000000.0, 'netIncomeContinuousOperations': 945000000.0, 'totalExpenses': 11153000000.0, 'reconciledCostOfRevenue': 8752000000.0, 'taxEffectOfUnusualItems': -59480278.422274, 'ebit': 1451000000.0, 'interestIncomeNonOperating': 9000000.0, 'sellingGeneralAndAdministration': 2401000000.0, 'operatingExpense': 2401000000.0, 'otherunderPreferredStockDividend': 0.0, 'pretaxIncome': 1293000000.0, 'netIncomeFromContinuingAndDiscontinuedOperation': 944000000.0, 'netIncome': 944000000.0, 'interestIncome': 9000000.0, 'restructuringAndMergernAcquisition': 14000000.0, 'dilutedNIAvailtoComStockholders': 944000000.0, 'normalizedEBITDA': 2235000000.0, 'totalUnusualItems': -154000000.0, 'generalAndAdministrativeExpense': 1440000000.0, 'dilutedAverageShares': 261000000.0, 'interestExpense': 158000000.0, 'writeOff': 14000000.0, 'netIncomeFromContinuingOperationNetMinorityInterest': 944000000.0, 'taxRateForCalcs': 0.269142, 'netNonOperatingInterestIncomeExpense': -149000000.0, 'netIncomeCommonStockholders': 944000000.0, 'operatingRevenue': 12815000000.0, 'dilutedEPS': 3.618, 'reconciledDepreciation': 630000000.0, 'specialIncomeCharges': -223000000.0, 'basicAverageShares': 258000000.0, 'eBITDA': 2081000000.0}}, {'2019-12-31': {'totalRevenue': 9048000000.0, 'costOfRevenue': 6043000000.0, 'interestExpenseNonOperating': 188000000.0, 'grossProfit': 3005000000.0, 'basicEPS': 2.016, 'netIncomeIncludingNoncontrollingInterests': 484000000.0, 'sellingAndMarketingExpense': 730000000.0, 'totalUnusualItemsExcludingGoodwill': -198000000.0, 'taxProvision': 193000000.0, 'minorityInterests': -8000000.0, 'netInterestIncome': -184000000.0, 'otherSpecialCharges': 141000000.0, 'totalOperatingIncomeAsReported': 884000000.0, 'operatingIncome': 1062000000.0, 'netIncomeContinuousOperations': 484000000.0, 'totalExpenses': 7986000000.0, 'taxEffectOfUnusualItems': -56446085.672083, 'ebit': 865000000.0, 'interestIncomeNonOperating': 4000000.0, 'normalizedIncome': 663553914.327917, 'operatingExpense': 1943000000.0, 'otherunderPreferredStockDividend': 0.0, 'pretaxIncome': 677000000.0, 'impairmentOfCapitalAssets': 8000000.0, 'netIncome': 476000000.0, 'interestIncome': 4000000.0, 'dilutedNIAvailtoComStockholders': 476000000.0, 'totalUnusualItems': -152000000.0, 'restructuringAndMergernAcquisition': 0.0, 'generalAndAdministrativeExpense': 1213000000.0, 'dilutedAverageShares': 238000000.0, 'sellingGeneralAndAdministration': 1943000000.0, 'rentExpenseSupplemental': 19000000.0, 'netIncomeFromContinuingAndDiscontinuedOperation': 476000000.0, 'totalOtherFinanceCost': -3000000.0, 'reconciledCostOfRevenue': 6043000000.0, 'netNonOperatingInterestIncomeExpense': -184000000.0, 'dilutedEPS': 2.0, 'reconciledDepreciation': 541000000.0, 'operatingRevenue': 9048000000.0, 'netIncomeCommonStockholders': 476000000.0, 'normalizedEBITDA': 1558000000.0, 'specialIncomeCharges': -195000000.0, 'basicAverageShares': 236000000.0, 'interestExpense': 188000000.0, 'netIncomeFromContinuingOperationNetMinorityInterest': 476000000.0, 'taxRateForCalcs': 0.285081}}, {'2020-12-31': {'totalRevenue': 8530000000.0, 'costOfRevenue': 5656000000.0, 'interestExpenseNonOperating': 140000000.0, 'grossProfit': 2874000000.0, 'basicEPS': 2.279, 'netIncomeIncludingNoncontrollingInterests': 547000000.0, 'sellingAndMarketingExpense': 725000000.0, 'totalUnusualItemsExcludingGoodwill': -32000000.0, 'taxProvision': 201000000.0, 'minorityInterests': -2000000.0, 'netInterestIncome': -137000000.0, 'otherSpecialCharges': -4000000.0, 'totalOperatingIncomeAsReported': 891000000.0, 'operatingIncome': 922000000.0, 'netIncomeContinuousOperations': 547000000.0, 'totalExpenses': 7608000000.0, 'taxEffectOfUnusualItems': -8598930.481283, 'ebit': 888000000.0, 'interestIncomeNonOperating': 3000000.0, 'normalizedIncome': 568401069.518717, 'operatingExpense': 1952000000.0, 'otherunderPreferredStockDividend': 0.0, 'pretaxIncome': 748000000.0, 'netIncome': 545000000.0, 'interestIncome': 3000000.0, 'dilutedNIAvailtoComStockholders': 545000000.0, 'totalUnusualItems': -32000000.0, 'restructuringAndMergernAcquisition': 35000000.0, 'generalAndAdministrativeExpense': 1227000000.0, 'dilutedAverageShares': 241000000.0, 'sellingGeneralAndAdministration': 1952000000.0, 'netIncomeFromContinuingAndDiscontinuedOperation': 545000000.0, 'reconciledCostOfRevenue': 5656000000.0, 'netNonOperatingInterestIncomeExpense': -137000000.0, 'dilutedEPS': 2.257, 'reconciledDepreciation': 557000000.0, 'operatingRevenue': 8530000000.0, 'netIncomeCommonStockholders': 545000000.0, 'normalizedEBITDA': 1477000000.0, 'specialIncomeCharges': -31000000.0, 'basicAverageShares': 239000000.0, 'interestExpense': 140000000.0, 'netIncomeFromContinuingOperationNetMinorityInterest': 545000000.0, 'taxRateForCalcs': 0.268717}}, {'2021-12-31': {'totalRevenue': 10107000000.0, 'costOfRevenue': 7015000000.0, 'interestExpenseNonOperating': 128000000.0, 'grossProfit': 3092000000.0, 'basicEPS': 2.639, 'netIncomeIncludingNoncontrollingInterests': 679000000.0, 'sellingAndMarketingExpense': 823000000.0, 'totalUnusualItemsExcludingGoodwill': -31000000.0, 'taxProvision': 234000000.0, 'netInterestIncome': -125000000.0, 'otherSpecialCharges': 31000000.0, 'totalOperatingIncomeAsReported': 1073000000.0, 'operatingIncome': 1073000000.0, 'netIncomeContinuousOperations': 679000000.0, 'totalExpenses': 9034000000.0, 'taxEffectOfUnusualItems': -7945235.487404, 'ebit': 1041000000.0, 'interestIncomeNonOperating': 3000000.0, 'normalizedIncome': 702054764.512596, 'operatingExpense': 2019000000.0, 'otherunderPreferredStockDividend': 0.0, 'pretaxIncome': 913000000.0, 'netIncome': 679000000.0, 'interestIncome': 3000000.0, 'dilutedNIAvailtoComStockholders': 679000000.0, 'totalUnusualItems': -31000000.0, 'generalAndAdministrativeExpense': 1196000000.0, 'dilutedAverageShares': 260000000.0, 'sellingGeneralAndAdministration': 2019000000.0, 'netIncomeFromContinuingAndDiscontinuedOperation': 679000000.0, 'reconciledCostOfRevenue': 7015000000.0, 'netNonOperatingInterestIncomeExpense': -125000000.0, 'dilutedEPS': 2.611, 'reconciledDepreciation': 553000000.0, 'operatingRevenue': 10107000000.0, 'netIncomeCommonStockholders': 679000000.0, 'normalizedEBITDA': 1625000000.0, 'specialIncomeCharges': -31000000.0, 'basicAverageShares': 257000000.0, 'interestExpense': 128000000.0, 'netIncomeFromContinuingOperationNetMinorityInterest': 679000000.0, 'taxRateForCalcs': 0.256298}}]}}
{'cashflowStatementHistory': {'RMV.L': [{'2019-12-31': {'changeInWorkingCapital': -833000.0, 'purchaseOfIntangibles': -236000.0, 'freeCashFlow': 183445000.0, 'commonStockIssuance': 898000.0, 'financingCashFlow': -151807000.0, 'netIncome': 173089000.0, 'commonStockPayments': -90695000.0, 'gainLossOnSaleOfPPE': 0.0, 'cashDividendsPaid': -59856000.0, 'endCashPosition': 32117000.0, 'investingCashFlow': -16147000.0, 'changesInCash': 16270000.0, 'netPPEPurchaseAndSale': -543000.0, 'netIntangiblesPurchaseAndSale': -236000.0, 'interestReceivedCFI': 259000.0, 'depreciationAndAmortization': 3594000.0, 'commonStockDividendPaid': -59856000.0, 'deferredTax': 40473000.0, 'interestPaidCFO': -198000.0, 'issuanceOfCapitalStock': 898000.0, 'repurchaseOfCapitalStock': -90695000.0, 'operatingCashFlow': 184224000.0, 'netBusinessPurchaseAndSale': -15627000.0, 'amortizationCashFlow': 480000.0, 'changeInCashSupplementalAsReported': 16270000.0, 'purchaseOfPPE': -543000.0, 'taxesRefundPaid': -37263000.0, 'beginningCashPosition': 15847000.0, 'changeInPayable': 35000.0, 'changeInOtherCurrentAssets': -44000.0, 'netCommonStockIssuance': -89797000.0, 'purchaseOfBusiness': -15627000.0, 'otherNonCashItems': 451000.0, 'stockBasedCompensation': 4911000.0, 'netOtherFinancingCharges': -619000.0, 'netIncomeFromContinuingOperations': 173089000.0, 'capitalExpenditure': -779000.0, 'depreciation': 3114000.0, 'changeInReceivables': -453000.0}}, {'2020-12-31': {'changeInWorkingCapital': -46000.0, 'purchaseOfIntangibles': -1169000.0, 'freeCashFlow': 92814000.0, 'commonStockIssuance': 716000.0, 'financingCashFlow': -32542000.0, 'netInvestmentPurchaseAndSale': 4141000.0, 'netIncome': 109775000.0, 'commonStockPayments': -30890000.0, 'endCashPosition': 96690000.0, 'investingCashFlow': 824000.0, 'changesInCash': 64573000.0, 'netPPEPurchaseAndSale': -2308000.0, 'saleOfInvestment': 4141000.0, 'netIntangiblesPurchaseAndSale': -1169000.0, 'interestReceivedCFI': 160000.0, 'depreciationAndAmortization': 4270000.0, 'deferredTax': 25040000.0, 'interestPaidCFO': -198000.0, 'issuanceOfCapitalStock': 716000.0, 'repurchaseOfCapitalStock': -30890000.0, 'operatingCashFlow': 96291000.0, 'netBusinessPurchaseAndSale': 0.0, 'amortizationCashFlow': 1011000.0, 'changeInCashSupplementalAsReported': 64573000.0, 'purchaseOfPPE': -2308000.0, 'taxesRefundPaid': -44959000.0, 'beginningCashPosition': 32117000.0, 'changeInPayable': -572000.0, 'changeInOtherCurrentAssets': -541000.0, 'netCommonStockIssuance': -30174000.0, 'purchaseOfBusiness': 0.0, 'otherNonCashItems': 307000.0, 'stockBasedCompensation': 2102000.0, 'netOtherFinancingCharges': 2000.0, 'netIncomeFromContinuingOperations': 109775000.0, 'capitalExpenditure': -3477000.0, 'depreciation': 3259000.0, 'changeInReceivables': 602000.0}}, {'2021-12-31': {'changeInWorkingCapital': 2458000.0, 'purchaseOfIntangibles': -19000.0, 'freeCashFlow': 194297000.0, 'commonStockIssuance': 766000.0, 'financingCashFlow': -243022000.0, 'netInvestmentPurchaseAndSale': -5003000.0, 'netIncome': 183094000.0, 'commonStockPayments': -175653000.0, 'cashDividendsPaid': -64447000.0, 'endCashPosition': 42985000.0, 'investingCashFlow': -5699000.0, 'changesInCash': -53705000.0, 'netPPEPurchaseAndSale': -700000.0, 'netIntangiblesPurchaseAndSale': -19000.0, 'interestReceivedCFI': 23000.0, 'depreciationAndAmortization': 4439000.0, 'deferredTax': 42555000.0, 'interestPaidCFO': -209000.0, 'issuanceOfCapitalStock': 766000.0, 'repurchaseOfCapitalStock': -175653000.0, 'operatingCashFlow': 195016000.0, 'amortizationCashFlow': 991000.0, 'changeInCashSupplementalAsReported': -53705000.0, 'purchaseOfPPE': -700000.0, 'taxesRefundPaid': -41611000.0, 'beginningCashPosition': 96690000.0, 'changeInPayable': 3832000.0, 'changeInOtherCurrentAssets': 1063000.0, 'netCommonStockIssuance': -174887000.0, 'otherNonCashItems': 367000.0, 'stockBasedCompensation': 3923000.0, 'netOtherFinancingCharges': -1224000.0, 'netIncomeFromContinuingOperations': 183094000.0, 'capitalExpenditure': -719000.0, 'depreciation': 3448000.0, 'changeInReceivables': 552000.0}}, {'2022-06-30': {'issuanceOfCapitalStock': 743000.0, 'changeInWorkingCapital': -2809000.0, 'changesInCash': -28763000.0, 'netPPEPurchaseAndSale': -775000.0, 'interestPaidCFO': -323000.0, 'endCashPosition': 38923000.0, 'commonStockIssuance': 743000.0, 'interestReceivedCFI': 63000.0, 'purchaseOfIntangibles': -1079000.0, 'netIncomeFromContinuingOperations': 188170000.0, 'investingCashFlow': -6794000.0, 'netIntangiblesPurchaseAndSale': -1079000.0, 'repurchaseOfCapitalStock': -146260000.0, 'changeInPayable': -1850000.0, 'deferredTax': 44023000.0, 'changeInOtherCurrentAssets': 399000.0, 'amortizationCashFlow': 959000.0, 'purchaseOfPPE': -775000.0, 'netCommonStockIssuance': -145517000.0, 'changeInReceivables': -812000.0, 'taxesRefundPaid': -44234000.0, 'operatingCashFlow': 192879000.0, 'depreciation': 3510000.0, 'capitalExpenditure': -1854000.0, 'changeInCashSupplementalAsReported': -28763000.0, 'depreciationAndAmortization': 4469000.0, 'stockBasedCompensation': 3341000.0, 'otherNonCashItems': 257000.0, 'beginningCashPosition': 67686000.0, 'cashDividendsPaid': -65855000.0, 'financingCashFlow': -214848000.0, 'freeCashFlow': 191025000.0, 'netIncome': 188170000.0, 'commonStockPayments': -146260000.0, 'netInvestmentPurchaseAndSale': -5003000.0}}]}}
{'incomeStatementHistory': {'RTO.L': [{'2022-06-30': {'netIncomeFromContinuingAndDiscontinuedOperation': 268200000.0, 'normalizedEBITDA': 700200000.0, 'pretaxIncome': 338200000.0, 'interestExpense': 35100000.0, 'netIncomeFromContinuingOperationNetMinorityInterest': 268200000.0, 'netIncome': 268200000.0, 'totalUnusualItems': -20800000.0, 'netIncomeContinuousOperations': 268200000.0, 'operatingRevenue': 3074000000.0, 'otherunderPreferredStockDividend': 0.0, 'netIncomeCommonStockholders': 268200000.0, 'taxRateForCalcs': 0.4, 'ebit': 373300000.0, 'netIncomeIncludingNoncontrollingInterests': 268200000.0, 'taxEffectOfUnusualItems': -8320000.0, 'dilutedNIAvailtoComStockholders': 268200000.0, 'reconciledDepreciation': 306100000.0, 'totalOperatingIncomeAsReported': 355600000.0, 'interestIncome': 6300000.0, 'eBITDA': 679400000.0, 'operatingIncome': 376300000.0, 'normalizedIncome': 280680000.0, 'totalRevenue': 3074000000.0, 'interestIncomeNonOperating': 6300000.0, 'interestExpenseNonOperating': 35100000.0, 'totalUnusualItemsExcludingGoodwill': -20800000.0}}, {'2019-12-31': {'totalOtherFinanceCost': 200000.0, 'interestIncome': 9900000.0, 'normalizedEBITDA': 623000000.0, 'restructuringAndMergernAcquisition': 7700000.0, 'dilutedNIAvailtoComStockholders': 283500000.0, 'dilutedEPS': 0.1524, 'netIncomeFromContinuingAndDiscontinuedOperation': 283500000.0, 'otherSpecialCharges': -89200000.0, 'totalOperatingIncomeAsReported': 265600000.0, 'netNonOperatingInterestIncomeExpense': -44600000.0, 'basicAverageShares': 1849000000.0, 'operatingRevenue': 2714400000.0, 'otherOperatingExpenses': 322500000.0, 'netIncomeIncludingNoncontrollingInterests': 283800000.0, 'amortization': 93800000.0, 'netIncomeCommonStockholders': 283500000.0, 'reconciledDepreciation': 305000000.0, 'specialIncomeCharges': 76500000.0, 'netIncomeFromContinuingOperationNetMinorityInterest': 283500000.0, 'interestExpense': 54500000.0, 'depreciationIncomeStatement': 127300000.0, 'taxRateForCalcs': 0.216, 'totalRevenue': 2714400000.0, 'costOfRevenue': 565700000.0, 'interestExpenseNonOperating': 54500000.0, 'grossProfit': 2148700000.0, 'taxProvision': 54700000.0, 'totalUnusualItemsExcludingGoodwill': 75000000.0, 'reconciledCostOfRevenue': 565700000.0, 'minorityInterests': -300000.0, 'netInterestIncome': -44600000.0, 'basicEPS': 0.1533, 'operatingIncome': 292900000.0, 'totalExpenses': 2421500000.0, 'impairmentOfCapitalAssets': 5000000.0, 'taxEffectOfUnusualItems': 16200000.0, 'netIncomeContinuousOperations': 283800000.0, 'otherunderPreferredStockDividend': 0.0, 'ebit': 393000000.0, 'depreciationAndAmortizationInIncomeStatement': 221100000.0, 'netIncome': 283500000.0, 'totalUnusualItems': 75000000.0, 'normalizedIncome': 224700000.0, 'dilutedAverageShares': 1860500000.0, 'interestIncomeNonOperating': 9900000.0, 'pretaxIncome': 338500000.0, 'operatingExpense': 1855800000.0}}, {'2020-12-31': {'interestIncome': 10200000.0, 'normalizedEBITDA': 636900000.0, 'restructuringAndMergernAcquisition': 27900000.0, 'dilutedNIAvailtoComStockholders': 185900000.0, 'dilutedEPS': 0.0998, 'netIncomeFromContinuingAndDiscontinuedOperation': 185900000.0, 'otherSpecialCharges': -7000000.0, 'totalOperatingIncomeAsReported': 293800000.0, 'netNonOperatingInterestIncomeExpense': -34700000.0, 'basicAverageShares': 1853200000.0, 'operatingRevenue': 2823500000.0, 'otherOperatingExpenses': 373100000.0, 'netIncomeIncludingNoncontrollingInterests': 186300000.0, 'amortization': 101000000.0, 'netIncomeCommonStockholders': 185900000.0, 'reconciledDepreciation': 311300000.0, 'specialIncomeCharges': -20900000.0, 'netIncomeFromContinuingOperationNetMinorityInterest': 185900000.0, 'interestExpense': 44900000.0, 'depreciationIncomeStatement': 132300000.0, 'taxRateForCalcs': 0.197, 'totalRevenue': 2823500000.0, 'costOfRevenue': 603700000.0, 'interestExpenseNonOperating': 44900000.0, 'grossProfit': 2219800000.0, 'taxProvision': 43500000.0, 'totalUnusualItemsExcludingGoodwill': -50900000.0, 'reconciledCostOfRevenue': 603700000.0, 'minorityInterests': -400000.0, 'netInterestIncome': -34700000.0, 'basicEPS': 0.1003, 'operatingIncome': 314700000.0, 'totalExpenses': 2508800000.0, 'taxEffectOfUnusualItems': -10027300.0, 'netIncomeContinuousOperations': 186300000.0, 'otherunderPreferredStockDividend': 0.0, 'ebit': 274700000.0, 'depreciationAndAmortizationInIncomeStatement': 233300000.0, 'netIncome': 185900000.0, 'totalUnusualItems': -50900000.0, 'normalizedIncome': 226772700.0, 'dilutedAverageShares': 1862900000.0, 'interestIncomeNonOperating': 10200000.0, 'pretaxIncome': 229800000.0, 'operatingExpense': 1905100000.0}}, {'2021-12-31': {'interestIncome': 1000000.0, 'normalizedEBITDA': 677400000.0, 'restructuringAndMergernAcquisition': 13300000.0, 'dilutedNIAvailtoComStockholders': 263200000.0, 'dilutedEPS': 0.141, 'netIncomeFromContinuingAndDiscontinuedOperation': 263200000.0, 'otherSpecialCharges': 7400000.0, 'totalOperatingIncomeAsReported': 346500000.0, 'netNonOperatingInterestIncomeExpense': -32600000.0, 'basicAverageShares': 1858100000.0, 'operatingRevenue': 2956600000.0, 'otherOperatingExpenses': 379000000.0, 'netIncomeIncludingNoncontrollingInterests': 263200000.0, 'amortization': 91100000.0, 'netIncomeCommonStockholders': 263200000.0, 'reconciledDepreciation': 297900000.0, 'specialIncomeCharges': -20700000.0, 'netIncomeFromContinuingOperationNetMinorityInterest': 263200000.0, 'interestExpense': 33600000.0, 'depreciationIncomeStatement': 128400000.0, 'taxRateForCalcs': 0.19, 'totalRevenue': 2956600000.0, 'costOfRevenue': 586000000.0, 'interestExpenseNonOperating': 33600000.0, 'grossProfit': 2370600000.0, 'taxProvision': 61900000.0, 'totalUnusualItemsExcludingGoodwill': -20800000.0, 'reconciledCostOfRevenue': 586000000.0, 'netInterestIncome': -32600000.0, 'basicEPS': 0.1416, 'operatingIncome': 367200000.0, 'totalExpenses': 2589400000.0, 'taxEffectOfUnusualItems': -3952000.0, 'netIncomeContinuousOperations': 263200000.0, 'otherunderPreferredStockDividend': 0.0, 'ebit': 358700000.0, 'depreciationAndAmortizationInIncomeStatement': 219500000.0, 'netIncome': 263200000.0, 'totalUnusualItems': -20800000.0, 'normalizedIncome': 280048000.0, 'dilutedAverageShares': 1866300000.0, 'interestIncomeNonOperating': 1000000.0, 'pretaxIncome': 325100000.0, 'operatingExpense': 2003400000.0}}]}}
{'balanceSheetHistory': {'VOD.L': [{'2019-03-31': {'financialAssets': 3439000000.0, 'workingCapital': 14063000000.0, 'commonStock': 4796000000.0, 'investmentsinJointVenturesatCost': 3399000000.0, 'otherReceivables': 4935000000.0, 'ordinarySharesNumber': 27230375568.0, 'goodwill': 23353000000.0, 'totalAssets': 142862000000.0, 'currentDebtAndCapitalLeaseObligation': 4270000000.0, 'tradeandOtherPayablesNonCurrent': 2938000000.0, 'grossPPE': 73649000000.0, 'currentProvisions': 1160000000.0, 'treasurySharesNumber': 1584882610.0, 'retainedEarnings': -116725000000.0, 'totalEquityGrossMinorityInterest': 63445000000.0, 'accountsReceivable': 4701000000.0, 'otherNonCurrentLiabilities': 462000000.0, 'nonCurrentDeferredAssets': 375000000.0, 'netTangibleAssets': 21213000000.0, 'investedCapital': 115173000000.0, 'nonCurrentDeferredTaxesAssets': 24753000000.0, 'treasuryStock': 7875000000.0, 'totalNonCurrentAssets': 103276000000.0, 'accountsPayable': 6541000000.0, 'otherPayable': 1436000000.0, 'longTermDebt': 48685000000.0, 'stockholdersEquity': 62218000000.0, 'payables': 9791000000.0, 'netDebt': 39318000000.0, 'definedPensionBenefit': 94000000.0, 'nonCurrentDeferredRevenue': 574000000.0, 'commonStockEquity': 62218000000.0, 'properties': 2267000000.0, 'additionalPaidInCapital': 152503000000.0, 'goodwillAndOtherIntangibleAssets': 41005000000.0, 'investmentsinAssociatesatCost': 553000000.0, 'derivativeProductLiabilities': 1924000000.0, 'availableForSaleSecurities': 48000000.0, 'hedgingAssetsCurrent': 195000000.0, 'cashEquivalents': 11203000000.0, 'longTermEquityInvestment': 3952000000.0, 'currentLiabilities': 25523000000.0, 'inventory': 714000000.0, 'cashAndCashEquivalents': 13637000000.0, 'totalDebt': 52955000000.0, 'longTermProvisions': 1242000000.0, 'shareIssued': 28815258178.0, 'prepaidAssets': 1227000000.0, 'otherInvestments': 870000000.0, 'liabilitiesHeldforSaleNonCurrent': 0.0, 'capitalStock': 4796000000.0, 'totalCapitalization': 110903000000.0, 'investmentinFinancialAssets': 870000000.0, 'longTermDebtAndCapitalLeaseObligation': 48685000000.0, 'minorityInterest': 1227000000.0, 'currentDebt': 4270000000.0, 'machineryFurnitureEquipment': 71382000000.0, 'taxesReceivable': 264000000.0, 'otherIntangibleAssets': 17652000000.0, 'nonCurrentPrepaidAssets': 371000000.0, 'netPPE': 27432000000.0, 'cashCashEquivalentsAndShortTermInvestments': 26649000000.0, 'otherShortTermInvestments': 13012000000.0, 'totalLiabilitiesNetMinorityInterest': 79417000000.0, 'currentDeferredAssets': 1132000000.0, 'accumulatedDepreciation': -46217000000.0, 'totalTaxPayable': 1814000000.0, 'totalNonCurrentLiabilitiesNetMinorityInterest': 53894000000.0, 'currentAssets': 39586000000.0, 'tangibleBookValue': 21213000000.0, 'cashFinancial': 2434000000.0, 'nonCurrentPensionAndOtherPostretirementBenefitPlans': 551000000.0, 'nonCurrentAccruedExpenses': 113000000.0, 'assetsHeldForSaleCurrent': -231000000.0, 'nonCurrentDeferredTaxesLiabilities': 478000000.0, 'heldToMaturitySecurities': 822000000.0}}, {'2020-03-31': {'financialAssets': 8424000000.0, 'workingCapital': 744000000.0, 'commonStock': 4797000000.0, 'investmentsinJointVenturesatCost': 5323000000.0, 'otherReceivables': 4213000000.0, 'ordinarySharesNumber': 26772164544.0, 'goodwill': 31271000000.0, 'totalAssets': 168168000000.0, 'currentDebtAndCapitalLeaseObligation': 11826000000.0, 'tradeandOtherPayablesNonCurrent': 340000000.0, 'grossPPE': 87631000000.0, 'currentProvisions': 1024000000.0, 'treasurySharesNumber': 2043750434.0, 'retainedEarnings': -120349000000.0, 'totalEquityGrossMinorityInterest': 62625000000.0, 'accountsReceivable': 4262000000.0, 'otherProperties': 15408000000.0, 'nonCurrentDeferredAssets': 583000000.0, 'netTangibleAssets': 7887000000.0, 'currentCapitalLeaseObligation': 2986000000.0, 'longTermCapitalLeaseObligation': 9077000000.0, 'investedCapital': 124065000000.0, 'nonCurrentDeferredTaxesAssets': 23606000000.0, 'treasuryStock': 7802000000.0, 'totalNonCurrentAssets': 133917000000.0, 'accountsPayable': 6599000000.0, 'restrictedCash': 1460000000.0, 'otherPayable': 2088000000.0, 'longTermDebt': 53815000000.0, 'stockholdersEquity': 61410000000.0, 'payables': 10462000000.0, 'netDebt': 50831000000.0, 'definedPensionBenefit': 590000000.0, 'nonCurrentDeferredRevenue': 612000000.0, 'commonStockEquity': 61410000000.0, 'properties': 2201000000.0, 'additionalPaidInCapital': 152629000000.0, 'goodwillAndOtherIntangibleAssets': 53523000000.0, 'investmentsinAssociatesatCost': 508000000.0, 'derivativeProductLiabilities': 4177000000.0, 'availableForSaleSecurities': 77000000.0, 'hedgingAssetsCurrent': 752000000.0, 'cashEquivalents': 2202000000.0, 'longTermEquityInvestment': 5831000000.0, 'currentLiabilities': 33507000000.0, 'inventory': 585000000.0, 'cashAndCashEquivalents': 11824000000.0, 'totalDebt': 74718000000.0, 'longTermProvisions': 1474000000.0, 'shareIssued': 28815914978.0, 'prepaidAssets': 859000000.0, 'otherInvestments': 792000000.0, 'capitalStock': 4797000000.0, 'totalCapitalization': 115225000000.0, 'investmentinFinancialAssets': 792000000.0, 'longTermDebtAndCapitalLeaseObligation': 62892000000.0, 'minorityInterest': 1215000000.0, 'currentDebt': 8840000000.0, 'machineryFurnitureEquipment': 70022000000.0, 'taxesReceivable': 275000000.0, 'otherIntangibleAssets': 22252000000.0, 'nonCurrentPrepaidAssets': 212000000.0, 'capitalLeaseObligations': 12063000000.0, 'netPPE': 39197000000.0, 'cashCashEquivalentsAndShortTermInvestments': 18913000000.0, 'otherShortTermInvestments': 7089000000.0, 'totalLiabilitiesNetMinorityInterest': 105543000000.0, 'currentDeferredAssets': 1293000000.0, 'accumulatedDepreciation': -48434000000.0, 'totalTaxPayable': 1775000000.0, 'totalNonCurrentLiabilitiesNetMinorityInterest': 72036000000.0, 'currentAssets': 34251000000.0, 'tangibleBookValue': 7887000000.0, 'cashFinancial': 1947000000.0, 'nonCurrentPensionAndOtherPostretirementBenefitPlans': 438000000.0, 'nonCurrentAccruedExpenses': 60000000.0, 'assetsHeldForSaleCurrent': 1607000000.0, 'nonCurrentDeferredTaxesLiabilities': 2043000000.0, 'heldToMaturitySecurities': 715000000.0}}, {'2021-03-31': {'financialAssets': 2912000000.0, 'workingCapital': -441000000.0, 'commonStock': 4797000000.0, 'investmentsinJointVenturesatCost': 4249000000.0, 'otherReceivables': 4111000000.0, 'ordinarySharesNumber': 28224193469.0, 'goodwill': 31731000000.0, 'totalAssets': 155063000000.0, 'currentDebtAndCapitalLeaseObligation': 7526000000.0, 'tradeandOtherPayablesNonCurrent': 41000000.0, 'grossPPE': 90862000000.0, 'currentProvisions': 892000000.0, 'treasurySharesNumber': 592642309.0, 'retainedEarnings': -121587000000.0, 'totalEquityGrossMinorityInterest': 57816000000.0, 'accountsReceivable': 4091000000.0, 'otherProperties': 12573000000.0, 'nonCurrentDeferredAssets': 580000000.0, 'netTangibleAssets': 2255000000.0, 'currentCapitalLeaseObligation': 3123000000.0, 'longTermCapitalLeaseObligation': 9909000000.0, 'investedCapital': 109570000000.0, 'nonCurrentDeferredTaxesAssets': 21569000000.0, 'treasuryStock': 6172000000.0, 'totalNonCurrentAssets': 126793000000.0, 'accountsPayable': 6739000000.0, 'restrictedCash': 4848000000.0, 'otherPayable': 2385000000.0, 'longTermDebt': 49363000000.0, 'stockholdersEquity': 55804000000.0, 'payables': 11089000000.0, 'netDebt': 49686000000.0, 'definedPensionBenefit': 60000000.0, 'nonCurrentDeferredRevenue': 519000000.0, 'commonStockEquity': 55804000000.0, 'properties': 2315000000.0, 'additionalPaidInCapital': 150812000000.0, 'goodwillAndOtherIntangibleAssets': 53549000000.0, 'investmentsinAssociatesatCost': 421000000.0, 'derivativeProductLiabilities': 3919000000.0, 'availableForSaleSecurities': 128000000.0, 'hedgingAssetsCurrent': 239000000.0, 'cashEquivalents': 3116000000.0, 'longTermEquityInvestment': 4670000000.0, 'currentLiabilities': 28711000000.0, 'inventory': 676000000.0, 'cashAndCashEquivalents': 4080000000.0, 'totalDebt': 66798000000.0, 'longTermProvisions': 1747000000.0, 'shareIssued': 28816835778.0, 'prepaidAssets': 1082000000.0, 'otherInvestments': 925000000.0, 'capitalStock': 4797000000.0, 'totalCapitalization': 105167000000.0, 'investmentinFinancialAssets': 925000000.0, 'longTermDebtAndCapitalLeaseObligation': 59272000000.0, 'minorityInterest': 2012000000.0, 'currentDebt': 4403000000.0, 'machineryFurnitureEquipment': 75974000000.0, 'taxesReceivable': 434000000.0, 'otherIntangibleAssets': 21818000000.0, 'nonCurrentPrepaidAssets': 247000000.0, 'capitalLeaseObligations': 13032000000.0, 'netPPE': 41243000000.0, 'cashCashEquivalentsAndShortTermInvestments': 10132000000.0, 'otherShortTermInvestments': 6052000000.0, 'totalLiabilitiesNetMinorityInterest': 97247000000.0, 'currentDeferredAssets': 1364000000.0, 'accumulatedDepreciation': -49619000000.0, 'totalTaxPayable': 1965000000.0, 'totalNonCurrentLiabilitiesNetMinorityInterest': 68536000000.0, 'currentAssets': 28270000000.0, 'tangibleBookValue': 2255000000.0, 'cashFinancial': 2705000000.0, 'nonCurrentPensionAndOtherPostretirementBenefitPlans': 896000000.0, 'nonCurrentAccruedExpenses': 47000000.0, 'assetsHeldForSaleCurrent': 1257000000.0, 'nonCurrentDeferredTaxesLiabilities': 2095000000.0, 'heldToMaturitySecurities': 797000000.0}}, {'2022-03-31': {'financialAssets': 4216000000.0, 'workingCapital': -5110000000.0, 'commonStock': 4797000000.0, 'investmentsinJointVenturesatCost': 3781000000.0, 'otherReceivables': 4166000000.0, 'ordinarySharesNumber': 28370051346.0, 'goodwill': 31884000000.0, 'totalAssets': 153953000000.0, 'currentDebtAndCapitalLeaseObligation': 9047000000.0, 'tradeandOtherPayablesNonCurrent': 452000000.0, 'grossPPE': 93682000000.0, 'currentProvisions': 667000000.0, 'treasurySharesNumber': 447576522.0, 'retainedEarnings': -122118000000.0, 'totalEquityGrossMinorityInterest': 56977000000.0, 'accountsReceivable': 4102000000.0, 'otherProperties': 12016000000.0, 'nonCurrentDeferredAssets': 630000000.0, 'netTangibleAssets': 1443000000.0, 'currentCapitalLeaseObligation': 2729000000.0, 'longTermCapitalLeaseObligation': 9810000000.0, 'investedCapital': 109326000000.0, 'nonCurrentDeferredTaxesAssets': 19089000000.0, 'treasuryStock': 7278000000.0, 'totalNonCurrentAssets': 125416000000.0, 'accountsPayable': 7327000000.0, 'restrictedCash': 698000000.0, 'otherPayable': 2072000000.0, 'longTermDebt': 48321000000.0, 'stockholdersEquity': 54687000000.0, 'payables': 11377000000.0, 'netDebt': 47143000000.0, 'definedPensionBenefit': 555000000.0, 'nonCurrentDeferredRevenue': 530000000.0, 'commonStockEquity': 54687000000.0, 'properties': 2346000000.0, 'additionalPaidInCapital': 149018000000.0, 'goodwillAndOtherIntangibleAssets': 53244000000.0, 'investmentsinAssociatesatCost': 487000000.0, 'derivativeProductLiabilities': 1506000000.0, 'availableForSaleSecurities': 143000000.0, 'hedgingAssetsCurrent': 410000000.0, 'cashEquivalents': 5276000000.0, 'longTermEquityInvestment': 4268000000.0, 'currentLiabilities': 33647000000.0, 'inventory': 836000000.0, 'cashAndCashEquivalents': 7496000000.0, 'totalDebt': 67178000000.0, 'longTermProvisions': 1881000000.0, 'shareIssued': 28817627868.0, 'prepaidAssets': 872000000.0, 'otherInvestments': 1073000000.0, 'capitalStock': 4797000000.0, 'totalCapitalization': 103008000000.0, 'investmentinFinancialAssets': 1073000000.0, 'longTermDebtAndCapitalLeaseObligation': 58131000000.0, 'minorityInterest': 2290000000.0, 'currentDebt': 6318000000.0, 'machineryFurnitureEquipment': 79320000000.0, 'taxesReceivable': 296000000.0, 'otherIntangibleAssets': 21360000000.0, 'nonCurrentPrepaidAssets': 231000000.0, 'capitalLeaseObligations': 12539000000.0, 'netPPE': 40804000000.0, 'cashCashEquivalentsAndShortTermInvestments': 14729000000.0, 'otherShortTermInvestments': 7233000000.0, 'totalLiabilitiesNetMinorityInterest': 96976000000.0, 'currentDeferredAssets': 1403000000.0, 'accumulatedDepreciation': -52878000000.0, 'totalTaxPayable': 1978000000.0, 'totalNonCurrentLiabilitiesNetMinorityInterest': 63329000000.0, 'currentAssets': 28537000000.0, 'tangibleBookValue': 1443000000.0, 'cashFinancial': 2220000000.0, 'nonCurrentPensionAndOtherPostretirementBenefitPlans': 281000000.0, 'nonCurrentAccruedExpenses': 28000000.0, 'assetsHeldForSaleCurrent': 959000000.0, 'nonCurrentDeferredTaxesLiabilities': 520000000.0, 'heldToMaturitySecurities': 930000000.0}}]}}
{'cashflowStatementHistory': {'RTO.L': [{'2022-06-30': {'capitalExpenditure': -171400000.0, 'interestReceivedCFO': 5700000.0, 'netIssuancePaymentsOfDebt': 1453300000.0, 'netIntangiblesPurchaseAndSale': -34800000.0, 'beginningCashPosition': 387900000.0, 'saleOfBusiness': 400000.0, 'amortizationCashFlow': 94800000.0, 'netOtherFinancingCharges': -16400000.0, 'changeInReceivables': -20500000.0, 'netInvestmentPurchaseAndSale': 168400000.0, 'interestPaidCFO': -46400000.0, 'effectOfExchangeRateChanges': 18000000.0, 'financingCashFlow': 1214500000.0, 'freeCashFlow': 321100000.0, 'purchaseOfPPE': -136600000.0, 'issuanceOfDebt': 1747000000.0, 'depreciationAndAmortization': 306100000.0, 'otherNonCashItems': 1600000.0, 'investingCashFlow': -325100000.0, 'longTermDebtIssuance': 1747000000.0, 'netIncomeFromContinuingOperations': 351500000.0, 'longTermDebtPayments': -293700000.0, 'netIncome': 268200000.0, 'cashDividendsPaid': -118300000.0, 'purchaseOfBusiness': -335800000.0, 'changeInInventory': -23500000.0, 'operatingCashFlow': 492500000.0, 'changeInWorkingCapital': -57300000.0, 'netLongTermDebtIssuance': 1453300000.0, 'purchaseOfIntangibles': -34800000.0, 'repaymentOfDebt': -293700000.0, 'depreciation': 211300000.0, 'changeInOtherCurrentAssets': 7400000.0, 'dividendsReceivedCFI': 4300000.0, 'changeInCashSupplementalAsReported': 1381900000.0, 'changeInPayable': -20700000.0, 'netBusinessPurchaseAndSale': -335400000.0, 'endCashPosition': 1769800000.0, 'taxesRefundPaid': -76100000.0, 'saleOfPPE': 9000000.0, 'changesInCash': 1381900000.0, 'netPPEPurchaseAndSale': -127600000.0}}, {'2019-12-31': {'capitalExpenditure': -170900000.0, 'interestReceivedCFO': 10800000.0, 'taxesRefundPaid': -43200000.0, 'saleOfPPE': 3200000.0, 'netIntangiblesPurchaseAndSale': -30800000.0, 'changeInCashSupplementalAsReported': 180500000.0, 'repaymentOfDebt': -472000000.0, 'netOtherFinancingCharges': -11000000.0, 'netIssuancePaymentsOfDebt': -38200000.0, 'pensionAndEmployeeBenefitExpense': 0.0, 'changeInWorkingCapital': -11000000.0, 'changeInReceivables': -38200000.0, 'effectOfExchangeRateChanges': -7500000.0, 'saleOfBusiness': 391900000.0, 'otherNonCashItems': -4300000.0, 'changeInInventory': -3600000.0, 'issuanceOfDebt': 433800000.0, 'otherCashAdjustmentOutsideChangeinCash': 554200000.0, 'netIncome': 283500000.0, 'financingCashFlow': -221300000.0, 'freeCashFlow': 292000000.0, 'purchaseOfPPE': -140100000.0, 'purchaseOfBusiness': -315700000.0, 'beginningCashPosition': 100900000.0, 'cashDividendsPaid': -85800000.0, 'longTermDebtPayments': -472000000.0, 'netPPEPurchaseAndSale': -136900000.0, 'longTermDebtIssuance': 433800000.0, 'investingCashFlow': -61100000.0, 'depreciationAndAmortization': 305000000.0, 'depreciation': 206200000.0, 'gainLossOnSaleOfBusiness': -103800000.0, 'netIncomeFromContinuingOperations': 369400000.0, 'operatingCashFlow': 462900000.0, 'netLongTermDebtIssuance': -38200000.0, 'interestPaidCFO': -58900000.0, 'purchaseOfIntangibles': -30800000.0, 'endCashPosition': 273900000.0, 'netBusinessPurchaseAndSale': 76200000.0, 'changeInPayable': 20200000.0, 'changesInCash': 180500000.0, 'amortizationCashFlow': 98800000.0, 'changeInOtherCurrentAssets': 10600000.0, 'dividendsReceivedCFI': 30400000.0, 'commonStockDividendPaid': -85800000.0}}, {'2020-12-31': {'capitalExpenditure': -152500000.0, 'interestReceivedCFO': 7600000.0, 'taxesRefundPaid': -64400000.0, 'saleOfPPE': 6300000.0, 'netIntangiblesPurchaseAndSale': -22600000.0, 'changeInCashSupplementalAsReported': 279400000.0, 'repaymentOfDebt': -1352200000.0, 'netOtherFinancingCharges': -194200000.0, 'netIssuancePaymentsOfDebt': 341800000.0, 'changeInWorkingCapital': 45600000.0, 'changeInReceivables': -20100000.0, 'effectOfExchangeRateChanges': -2500000.0, 'saleOfBusiness': 2200000.0, 'otherNonCashItems': -500000.0, 'changeInInventory': -23300000.0, 'issuanceOfDebt': 1694000000.0, 'netIncome': 185900000.0, 'financingCashFlow': 62200000.0, 'freeCashFlow': 391700000.0, 'purchaseOfPPE': -129900000.0, 'purchaseOfBusiness': -194700000.0, 'beginningCashPosition': 273900000.0, 'longTermDebtPayments': -1352200000.0, 'netPPEPurchaseAndSale': -123600000.0, 'longTermDebtIssuance': 1694000000.0, 'investingCashFlow': -327000000.0, 'depreciationAndAmortization': 311300000.0, 'depreciation': 210300000.0, 'gainLossOnSaleOfBusiness': 0.0, 'netIncomeFromContinuingOperations': 293700000.0, 'operatingCashFlow': 544200000.0, 'netLongTermDebtIssuance': 341800000.0, 'interestPaidCFO': -48600000.0, 'purchaseOfIntangibles': -22600000.0, 'endCashPosition': 550800000.0, 'netBusinessPurchaseAndSale': -192500000.0, 'changeInPayable': 78200000.0, 'changesInCash': 279400000.0, 'amortizationCashFlow': 101000000.0, 'changeInOtherCurrentAssets': 10800000.0, 'dividendsReceivedCFI': 11700000.0, 'commonStockDividendPaid': 0.0}}, {'2021-12-31': {'capitalExpenditure': -159900000.0, 'interestReceivedCFO': 5200000.0, 'taxesRefundPaid': -68900000.0, 'saleOfPPE': 7400000.0, 'netIntangiblesPurchaseAndSale': -32100000.0, 'changeInCashSupplementalAsReported': -295000000.0, 'repaymentOfDebt': -166600000.0, 'netOtherFinancingCharges': -28500000.0, 'netIssuancePaymentsOfDebt': -161900000.0, 'netInvestmentPurchaseAndSale': 170600000.0, 'changeInWorkingCapital': 18800000.0, 'changeInReceivables': 58700000.0, 'effectOfExchangeRateChanges': -13900000.0, 'saleOfBusiness': 0.0, 'otherNonCashItems': 5800000.0, 'changeInInventory': -3200000.0, 'issuanceOfDebt': 4700000.0, 'netIncome': 263200000.0, 'financingCashFlow': -417100000.0, 'freeCashFlow': 403300000.0, 'purchaseOfPPE': -127800000.0, 'purchaseOfBusiness': -463100000.0, 'beginningCashPosition': 550800000.0, 'cashDividendsPaid': -138700000.0, 'longTermDebtPayments': -166600000.0, 'netPPEPurchaseAndSale': -120400000.0, 'longTermDebtIssuance': 4700000.0, 'investingCashFlow': -441100000.0, 'depreciationAndAmortization': 297900000.0, 'depreciation': 206800000.0, 'netIncomeFromContinuingOperations': 346500000.0, 'operatingCashFlow': 563200000.0, 'netLongTermDebtIssuance': -161900000.0, 'interestPaidCFO': -41600000.0, 'purchaseOfIntangibles': -32100000.0, 'endCashPosition': 241900000.0, 'netBusinessPurchaseAndSale': -463100000.0, 'changeInPayable': -43000000.0, 'changesInCash': -295000000.0, 'amortizationCashFlow': 91100000.0, 'changeInOtherCurrentAssets': 6300000.0, 'dividendsReceivedCFI': 3900000.0}}]}}
{'cashflowStatementHistory': {'SKG.L': [{'2022-12-31': {'operatingCashFlow': 1452000000.0, 'changeInPayable': 75000000.0, 'depreciation': 581000000.0, 'netCommonStockIssuance': -69000000.0, 'changeInInventory': -187000000.0, 'pensionAndEmployeeBenefitExpense': -19000000.0, 'changeInReceivables': -238000000.0, 'netBusinessPurchaseAndSale': -104000000.0, 'repaymentOfDebt': 0.0, 'depreciationAndAmortization': 630000000.0, 'purchaseOfBusiness': -104000000.0, 'issuanceOfDebt': 8000000.0, 'otherNonCashItems': 148000000.0, 'changeInCashSupplementalAsReported': -11000000.0, 'amortizationCashFlow': 49000000.0, 'purchaseOfPPE': -873000000.0, 'taxesRefundPaid': -321000000.0, 'beginningCashPosition': 841000000.0, 'netPPEPurchaseAndSale': -861000000.0, 'longTermDebtIssuance': 8000000.0, 'investingCashFlow': -967000000.0, 'saleOfPPE': 12000000.0, 'purchaseOfInvestment': -1000000.0, 'capitalExpenditure': -890000000.0, 'netIssuancePaymentsOfDebt': 8000000.0, 'longTermDebtPayments': 0.0, 'netIncome': 944000000.0, 'cashDividendsPaid': -332000000.0, 'netIncomeFromContinuingOperations': 1293000000.0, 'saleOfBusiness': 0.0, 'changeInWorkingCapital': -350000000.0, 'stockBasedCompensation': 65000000.0, 'netForeignCurrencyExchangeGainLoss': 2000000.0, 'netOtherFinancingCharges': 1000000.0, 'netLongTermDebtIssuance': 8000000.0, 'interestPaidCFO': -135000000.0, 'netInvestmentPurchaseAndSale': -1000000.0, 'freeCashFlow': 562000000.0, 'gainLossOnSaleOfPPE': -7000000.0, 'financingCashFlow': -496000000.0, 'effectOfExchangeRateChanges': -59000000.0, 'commonStockDividendPaid': -332000000.0, 'purchaseOfIntangibles': -17000000.0, 'dividendsReceivedCFI': 1000000.0, 'endCashPosition': 771000000.0, 'commonStockPayments': -69000000.0, 'changesInCash': -11000000.0, 'netOtherInvestingChanges': 6000000.0, 'gainLossOnInvestmentSecurities': -2000000.0, 'netIntangiblesPurchaseAndSale': -17000000.0, 'interestReceivedCFI': 9000000.0, 'repurchaseOfCapitalStock': -69000000.0}}, {'2019-12-31': {'changeInPayable': -44000000.0, 'operatingCashFlow': 1163000000.0, 'changeInOtherCurrentAssets': 57000000.0, 'netCommonStockIssuance': -21000000.0, 'changeInInventory': 40000000.0, 'changeInReceivables': 52000000.0, 'netBusinessPurchaseAndSale': -113000000.0, 'purchaseOfBusiness': -113000000.0, 'otherNonCashItems': 213000000.0, 'amortizationCashFlow': 45000000.0, 'issuanceOfDebt': 1570000000.0, 'purchaseOfPPE': -612000000.0, 'beginningCashPosition': 390000000.0, 'netPPEPurchaseAndSale': -605000000.0, 'saleOfPPE': 7000000.0, 'taxesRefundPaid': -222000000.0, 'investingCashFlow': -735000000.0, 'longTermDebtIssuance': 1570000000.0, 'capitalExpenditure': -632000000.0, 'changeInWorkingCapital': 48000000.0, 'repaymentOfDebt': -1750000000.0, 'changeInCashSupplementalAsReported': -201000000.0, 'netForeignCurrencyExchangeGainLoss': 4000000.0, 'stockBasedCompensation': 39000000.0, 'netOtherFinancingCharges': -80000000.0, 'netIssuancePaymentsOfDebt': -180000000.0, 'depreciation': 496000000.0, 'gainLossOnSaleOfBusiness': -4000000.0, 'netIncomeFromContinuingOperations': 677000000.0, 'pensionAndEmployeeBenefitExpense': 51000000.0, 'gainLossOnSaleOfPPE': -3000000.0, 'netLongTermDebtIssuance': -180000000.0, 'interestPaidCFO': -233000000.0, 'effectOfExchangeRateChanges': -17000000.0, 'purchaseOfIntangibles': -20000000.0, 'endCashPosition': 172000000.0, 'changesInCash': -201000000.0, 'netOtherInvestingChanges': -2000000.0, 'financingCashFlow': -629000000.0, 'freeCashFlow': 531000000.0, 'cashDividendsPaid': -238000000.0, 'dividendsReceivedCFI': 1000000.0, 'commonStockPayments': -23000000.0, 'netIncome': 476000000.0, 'commonStockDividendPaid': -238000000.0, 'longTermDebtPayments': -1750000000.0, 'interestReceivedCFI': 4000000.0, 'issuanceOfCapitalStock': 2000000.0, 'repurchaseOfCapitalStock': -23000000.0, 'depreciationAndAmortization': 541000000.0, 'netIntangiblesPurchaseAndSale': -20000000.0, 'commonStockIssuance': 2000000.0}}, {'2020-12-31': {'changeInPayable': 59000000.0, 'operatingCashFlow': 1247000000.0, 'netCommonStockIssuance': 632000000.0, 'changeInInventory': 14000000.0, 'changeInReceivables': 22000000.0, 'netBusinessPurchaseAndSale': -2000000.0, 'purchaseOfBusiness': -2000000.0, 'otherNonCashItems': 138000000.0, 'amortizationCashFlow': 43000000.0, 'issuanceOfDebt': 0.0, 'purchaseOfPPE': -493000000.0, 'beginningCashPosition': 172000000.0, 'netPPEPurchaseAndSale': -488000000.0, 'saleOfPPE': 5000000.0, 'taxesRefundPaid': -194000000.0, 'investingCashFlow': -498000000.0, 'longTermDebtIssuance': 0.0, 'capitalExpenditure': -514000000.0, 'changeInWorkingCapital': 95000000.0, 'repaymentOfDebt': -329000000.0, 'changeInCashSupplementalAsReported': 685000000.0, 'netForeignCurrencyExchangeGainLoss': 6000000.0, 'stockBasedCompensation': 35000000.0, 'netOtherFinancingCharges': -14000000.0, 'netIssuancePaymentsOfDebt': -329000000.0, 'depreciation': 514000000.0, 'gainLossOnSaleOfBusiness': -4000000.0, 'netIncomeFromContinuingOperations': 748000000.0, 'pensionAndEmployeeBenefitExpense': -7000000.0, 'gainLossOnSaleOfPPE': -2000000.0, 'netLongTermDebtIssuance': -329000000.0, 'interestPaidCFO': -122000000.0, 'effectOfExchangeRateChanges': 19000000.0, 'purchaseOfIntangibles': -21000000.0, 'endCashPosition': 876000000.0, 'changesInCash': 685000000.0, 'netOtherInvestingChanges': 9000000.0, 'financingCashFlow': -64000000.0, 'freeCashFlow': 733000000.0, 'cashDividendsPaid': -260000000.0, 'dividendsReceivedCFI': 1000000.0, 'commonStockPayments': -16000000.0, 'netIncome': 545000000.0, 'commonStockDividendPaid': -260000000.0, 'longTermDebtPayments': -329000000.0, 'interestReceivedCFI': 3000000.0, 'issuanceOfCapitalStock': 648000000.0, 'repurchaseOfCapitalStock': -16000000.0, 'depreciationAndAmortization': 557000000.0, 'netIntangiblesPurchaseAndSale': -21000000.0, 'commonStockIssuance': 648000000.0}}, {'2021-12-31': {'changeInPayable': 624000000.0, 'operatingCashFlow': 986000000.0, 'netCommonStockIssuance': -22000000.0, 'changeInInventory': -246000000.0, 'changeInReceivables': -492000000.0, 'netBusinessPurchaseAndSale': -415000000.0, 'purchaseOfBusiness': -448000000.0, 'otherNonCashItems': 171000000.0, 'amortizationCashFlow': 40000000.0, 'issuanceOfDebt': 999000000.0, 'purchaseOfPPE': -594000000.0, 'beginningCashPosition': 876000000.0, 'netPPEPurchaseAndSale': -578000000.0, 'saleOfPPE': 16000000.0, 'taxesRefundPaid': -239000000.0, 'investingCashFlow': -1009000000.0, 'longTermDebtIssuance': 999000000.0, 'capitalExpenditure': -615000000.0, 'changeInWorkingCapital': -114000000.0, 'repaymentOfDebt': -598000000.0, 'changeInCashSupplementalAsReported': -37000000.0, 'stockBasedCompensation': 69000000.0, 'netOtherFinancingCharges': 9000000.0, 'netIssuancePaymentsOfDebt': 401000000.0, 'depreciation': 513000000.0, 'netIncomeFromContinuingOperations': 913000000.0, 'pensionAndEmployeeBenefitExpense': -81000000.0, 'gainLossOnSaleOfPPE': -8000000.0, 'netLongTermDebtIssuance': 401000000.0, 'interestPaidCFO': -152000000.0, 'effectOfExchangeRateChanges': -12000000.0, 'purchaseOfIntangibles': -21000000.0, 'endCashPosition': 827000000.0, 'changesInCash': -37000000.0, 'saleOfBusiness': 33000000.0, 'netOtherInvestingChanges': 1000000.0, 'financingCashFlow': -14000000.0, 'freeCashFlow': 371000000.0, 'cashDividendsPaid': -302000000.0, 'dividendsReceivedCFI': 1000000.0, 'commonStockPayments': -22000000.0, 'netIncome': 679000000.0, 'longTermDebtPayments': -598000000.0, 'interestReceivedCFI': 3000000.0, 'issuanceOfCapitalStock': 0.0, 'repurchaseOfCapitalStock': -22000000.0, 'depreciationAndAmortization': 553000000.0, 'netIntangiblesPurchaseAndSale': -21000000.0, 'commonStockIssuance': 0.0}}]}}
{'incomeStatementHistory': {'VOD.L': [{'2019-03-31': {'ebit': -711000000.0, 'otherOperatingExpenses': 148000000.0, 'interestIncomeNonOperating': 433000000.0, 'otherunderPreferredStockDividend': 0.0, 'specialIncomeCharges': -3525000000.0, 'writeOff': 3525000000.0, 'dilutedNIAvailtoComStockholders': -8020000000.0, 'totalExpenses': 39609000000.0, 'netNonOperatingInterestIncomeExpense': -1902000000.0, 'netIncomeCommonStockholders': -8020000000.0, 'totalUnusualItems': -3949000000.0, 'pretaxIncome': -2613000000.0, 'netIncome': -8020000000.0, 'basicAverageShares': 27607000000.0, 'interestExpense': 1902000000.0, 'taxRateForCalcs': 0.19, 'netIncomeFromContinuingAndDiscontinuedOperation': -8020000000.0, 'basicEPS': -0.2905, 'generalAndAdministrativeExpense': 5410000000.0, 'interestExpenseNonOperating': 1902000000.0, 'sellingGeneralAndAdministration': 9301000000.0, 'netIncomeDiscontinuousOperations': -3535000000.0, 'netInterestIncome': -1902000000.0, 'operatingIncome': 4057000000.0, 'minorityInterests': -376000000.0, 'reconciledCostOfRevenue': 30160000000.0, 'totalUnusualItemsExcludingGoodwill': -3949000000.0, 'taxProvision': 1496000000.0, 'netIncomeIncludingNoncontrollingInterests': -7644000000.0, 'operatingRevenue': 43666000000.0, 'netIncomeFromContinuingOperationNetMinorityInterest': -4485000000.0, 'netIncomeContinuousOperations': -4109000000.0, 'reconciledDepreciation': 9795000000.0, 'costOfRevenue': 30160000000.0, 'totalRevenue': 43666000000.0, 'otherNonOperatingIncomeExpenses': -7000000.0, 'operatingExpense': 9449000000.0, 'normalizedEBITDA': 13033000000.0, 'interestIncome': 433000000.0, 'sellingAndMarketingExpense': 3891000000.0, 'normalizedIncome': -1286310000.0, 'grossProfit': 13506000000.0, 'dilutedAverageShares': 27607000000.0, 'taxEffectOfUnusualItems': -750310000.0, 'totalOperatingIncomeAsReported': -951000000.0, 'rentExpenseSupplemental': 3826000000.0, 'dilutedEPS': -0.2905}}, {'2020-03-31': {'ebit': 3601000000.0, 'interestIncomeNonOperating': 248000000.0, 'otherOperatingExpenses': -4281000000.0, 'specialIncomeCharges': -1685000000.0, 'otherunderPreferredStockDividend': 0.0, 'writeOff': 1685000000.0, 'dilutedNIAvailtoComStockholders': -920000000.0, 'totalExpenses': 36025000000.0, 'netNonOperatingInterestIncomeExpense': -2806000000.0, 'netIncomeCommonStockholders': -920000000.0, 'totalUnusualItems': -1107000000.0, 'interestIncome': 248000000.0, 'pretaxIncome': 795000000.0, 'rentExpenseSupplemental': 0.0, 'netIncome': -920000000.0, 'basicAverageShares': 29422000000.0, 'netIncomeDiscontinuousOperations': 0.0, 'interestExpense': 2806000000.0, 'taxRateForCalcs': 0.19, 'netIncomeFromContinuingAndDiscontinuedOperation': -920000000.0, 'otherNonOperatingIncomeExpenses': -3000000.0, 'basicEPS': -0.0313, 'generalAndAdministrativeExpense': 5810000000.0, 'interestExpenseNonOperating': 2806000000.0, 'sellingGeneralAndAdministration': 9624000000.0, 'netInterestIncome': -2806000000.0, 'operatingIncome': 8949000000.0, 'minorityInterests': -465000000.0, 'reconciledCostOfRevenue': 30682000000.0, 'totalUnusualItemsExcludingGoodwill': -2792000000.0, 'taxProvision': 1250000000.0, 'netIncomeIncludingNoncontrollingInterests': -455000000.0, 'operatingRevenue': 44974000000.0, 'netIncomeFromContinuingOperationNetMinorityInterest': -920000000.0, 'netIncomeContinuousOperations': -455000000.0, 'reconciledDepreciation': 14174000000.0, 'costOfRevenue': 30682000000.0, 'totalRevenue': 44974000000.0, 'operatingExpense': 5343000000.0, 'normalizedEBITDA': 18882000000.0, 'sellingAndMarketingExpense': 3814000000.0, 'normalizedIncome': 3026520000.0, 'grossProfit': 14292000000.0, 'dilutedAverageShares': 29422000000.0, 'taxEffectOfUnusualItems': -530480000.0, 'totalOperatingIncomeAsReported': 4099000000.0, 'dilutedEPS': -0.0313}}, {'2021-03-31': {'ebit': 6959000000.0, 'impairmentOfCapitalAssets': 0.0, 'otherOperatingExpenses': -568000000.0, 'interestIncomeNonOperating': 485000000.0, 'otherunderPreferredStockDividend': 0.0, 'specialIncomeCharges': 0.0, 'dilutedNIAvailtoComStockholders': 112000000.0, 'totalExpenses': 38390000000.0, 'netNonOperatingInterestIncomeExpense': -2074000000.0, 'netIncomeCommonStockholders': 112000000.0, 'totalUnusualItems': 430000000.0, 'pretaxIncome': 4400000000.0, 'netIncome': 112000000.0, 'basicAverageShares': 29592000000.0, 'interestExpense': 2559000000.0, 'taxRateForCalcs': 0.19, 'netIncomeFromContinuingAndDiscontinuedOperation': 112000000.0, 'basicEPS': 0.0038, 'generalAndAdministrativeExpense': 5350000000.0, 'interestExpenseNonOperating': 2559000000.0, 'sellingGeneralAndAdministration': 8872000000.0, 'netIncomeDiscontinuousOperations': 0.0, 'netInterestIncome': -2074000000.0, 'operatingIncome': 5419000000.0, 'minorityInterests': -424000000.0, 'reconciledCostOfRevenue': 30086000000.0, 'totalUnusualItemsExcludingGoodwill': 430000000.0, 'taxProvision': 3864000000.0, 'netIncomeIncludingNoncontrollingInterests': 536000000.0, 'operatingRevenue': 43809000000.0, 'netIncomeFromContinuingOperationNetMinorityInterest': 112000000.0, 'netIncomeContinuousOperations': 536000000.0, 'reconciledDepreciation': 14101000000.0, 'costOfRevenue': 30086000000.0, 'totalRevenue': 43809000000.0, 'operatingExpense': 8304000000.0, 'normalizedEBITDA': 20630000000.0, 'interestIncome': 485000000.0, 'sellingAndMarketingExpense': 3522000000.0, 'normalizedIncome': -236300000.0, 'grossProfit': 13723000000.0, 'dilutedAverageShares': 29592000000.0, 'taxEffectOfUnusualItems': 81700000.0, 'totalOperatingIncomeAsReported': 5097000000.0, 'rentExpenseSupplemental': 0.0, 'dilutedEPS': 0.0038}}, {'2022-03-31': {'ebit': 6367000000.0, 'impairmentOfCapitalAssets': 0.0, 'otherOperatingExpenses': -79000000.0, 'interestIncomeNonOperating': 428000000.0, 'otherunderPreferredStockDividend': 0.0, 'specialIncomeCharges': 0.0, 'dilutedNIAvailtoComStockholders': 2088000000.0, 'totalExpenses': 39566000000.0, 'netNonOperatingInterestIncomeExpense': -1985000000.0, 'netIncomeCommonStockholders': 2088000000.0, 'totalUnusualItems': -251000000.0, 'pretaxIncome': 3954000000.0, 'netIncome': 2088000000.0, 'basicAverageShares': 29012000000.0, 'interestExpense': 2413000000.0, 'taxRateForCalcs': 0.336368, 'netIncomeFromContinuingAndDiscontinuedOperation': 2088000000.0, 'basicEPS': 0.072, 'generalAndAdministrativeExpense': 5713000000.0, 'interestExpenseNonOperating': 2413000000.0, 'sellingGeneralAndAdministration': 9071000000.0, 'netInterestIncome': -1985000000.0, 'operatingIncome': 6014000000.0, 'minorityInterests': -536000000.0, 'reconciledCostOfRevenue': 30574000000.0, 'totalUnusualItemsExcludingGoodwill': -251000000.0, 'taxProvision': 1330000000.0, 'netIncomeIncludingNoncontrollingInterests': 2624000000.0, 'operatingRevenue': 45580000000.0, 'netIncomeFromContinuingOperationNetMinorityInterest': 2088000000.0, 'netIncomeContinuousOperations': 2624000000.0, 'reconciledDepreciation': 13845000000.0, 'costOfRevenue': 30574000000.0, 'totalRevenue': 45580000000.0, 'operatingExpense': 8992000000.0, 'normalizedEBITDA': 20463000000.0, 'interestIncome': 428000000.0, 'sellingAndMarketingExpense': 3358000000.0, 'normalizedIncome': 2254571573.090541, 'grossProfit': 15006000000.0, 'dilutedAverageShares': 29012000000.0, 'taxEffectOfUnusualItems': -84428426.909459, 'totalOperatingIncomeAsReported': 5664000000.0, 'dilutedEPS': 0.0717}}, {'2022-09-30': {'totalUnusualItems': -353000000.0, 'netIncome': 2078000000.0, 'ebit': 6764000000.0, 'otherOperatingExpenses': -291000000.0, 'netIncomeCommonStockholders': 2078000000.0, 'pretaxIncome': 4406000000.0, 'dilutedNIAvailtoComStockholders': 2078000000.0, 'netNonOperatingInterestIncomeExpense': -1930000000.0, 'totalExpenses': 39822000000.0, 'reconciledCostOfRevenue': 31057000000.0, 'netIncomeFromContinuingAndDiscontinuedOperation': 2078000000.0, 'netInterestIncome': -1930000000.0, 'eBITDA': 20510000000.0, 'generalAndAdministrativeExpense': 5662000000.0, 'normalizedEBITDA': 20863000000.0, 'grossProfit': 14964000000.0, 'minorityInterests': -512000000.0, 'reconciledDepreciation': 13746000000.0, 'totalRevenue': 46021000000.0, 'interestExpense': 2358000000.0, 'netIncomeFromContinuingOperationNetMinorityInterest': 2078000000.0, 'taxRateForCalcs': 0.4, 'netIncomeIncludingNoncontrollingInterests': 2590000000.0, 'taxProvision': 1816000000.0, 'totalOperatingIncomeAsReported': 5979000000.0, 'interestExpenseNonOperating': 2358000000.0, 'taxEffectOfUnusualItems': -141200000.0, 'operatingRevenue': 46021000000.0, 'operatingIncome': 6199000000.0, 'totalUnusualItemsExcludingGoodwill': -353000000.0, 'normalizedIncome': 2289800000.0, 'operatingExpense': 8765000000.0, 'sellingGeneralAndAdministration': 9056000000.0, 'sellingAndMarketingExpense': 3394000000.0, 'costOfRevenue': 31057000000.0, 'netIncomeContinuousOperations': 2590000000.0, 'otherunderPreferredStockDividend': 0.0}}]}}
{'cashflowStatementHistory': {'VOD.L': [{'2022-09-30': {'netIncome': 2078000000.0, 'issuanceOfCapitalStock': 8000000.0, 'changesInCash': 856000000.0, 'changeInWorkingCapital': -199000000.0, 'netPPEPurchaseAndSale': -6111000000.0, 'effectOfExchangeRateChanges': 345000000.0, 'saleOfInvestment': 2482000000.0, 'netIncomeFromContinuingOperations': 2590000000.0, 'commonStockIssuance': 8000000.0, 'investingCashFlow': -8146000000.0, 'purchaseOfIntangibles': -3102000000.0, 'gainLossOnSaleOfPPE': 13000000.0, 'interestReceivedCFI': 265000000.0, 'purchaseOfInvestment': -2300000000.0, 'endCashPosition': 6506000000.0, 'operatingCashFlow': 17906000000.0, 'changeInPayable': 862000000.0, 'repurchaseOfCapitalStock': -2076000000.0, 'dividendsReceivedCFI': 632000000.0, 'netLongTermDebtIssuance': -9573000000.0, 'deferredTax': 1816000000.0, 'purchaseOfPPE': -6136000000.0, 'changeInCashSupplementalAsReported': 856000000.0, 'saleOfPPE': 25000000.0, 'taxesRefundPaid': -1020000000.0, 'changeInReceivables': -765000000.0, 'netCommonStockIssuance': -2068000000.0, 'netBusinessPurchaseAndSale': -12000000.0, 'netIssuancePaymentsOfDebt': -1550000000.0, 'netIntangiblesPurchaseAndSale': -3102000000.0, 'capitalExpenditure': -9238000000.0, 'repaymentOfDebt': -10026000000.0, 'netShortTermDebtIssuance': 8023000000.0, 'stockBasedCompensation': 121000000.0, 'depreciation': 13852000000.0, 'netOtherFinancingCharges': -431000000.0, 'changeInInventory': -296000000.0, 'depreciationAndAmortization': 13746000000.0, 'issuanceOfDebt': 453000000.0, 'interestPaidCFF': -1947000000.0, 'otherNonCashItems': 1618000000.0, 'gainLossOnInvestmentSecurities': -336000000.0, 'financingCashFlow': -8904000000.0, 'freeCashFlow': 8668000000.0, 'netInvestmentPurchaseAndSale': 182000000.0, 'longTermDebtIssuance': 453000000.0, 'longTermDebtPayments': -10026000000.0, 'commonStockPayments': -2076000000.0, 'cashDividendsPaid': -2478000000.0, 'purchaseOfBusiness': -458000000.0, 'beginningCashPosition': 5650000000.0}}, {'2019-03-31': {'issuanceOfCapitalStock': 7000000.0, 'netOtherInvestingChanges': -372000000.0, 'changesInCash': 8200000000.0, 'purchaseOfInvestment': -3629000000.0, 'commonStockPayments': -475000000.0, 'longTermDebtPayments': -6180000000.0, 'netIncome': -8020000000.0, 'dividendsReceivedCFI': 498000000.0, 'cashDividendsPaid': -4064000000.0, 'netIncomeFromContinuingOperations': -4109000000.0, 'freeCashFlow': 4829000000.0, 'investingCashFlow': -9217000000.0, 'financingCashFlow': 4437000000.0, 'interestReceivedCFI': 622000000.0, 'gainLossOnSaleOfPPE': 33000000.0, 'otherNonCashItems': 2243000000.0, 'purchaseOfIntangibles': -3098000000.0, 'netPPEPurchaseAndSale': -5008000000.0, 'endCashPosition': 13605000000.0, 'effectOfExchangeRateChanges': 11000000.0, 'depreciationAndAmortization': 9795000000.0, 'commonStockDividendPaid': -4064000000.0, 'commonStockIssuance': 7000000.0, 'netIntangiblesPurchaseAndSale': -3098000000.0, 'saleOfInvestment': 2269000000.0, 'netLongTermDebtIssuance': 12391000000.0, 'operatingCashFlow': 12980000000.0, 'deferredTax': 1496000000.0, 'repurchaseOfCapitalStock': -475000000.0, 'purchaseOfPPE': -5053000000.0, 'changeInCashSupplementalAsReported': 8200000000.0, 'repaymentOfDebt': -6180000000.0, 'beginningCashPosition': 5394000000.0, 'saleOfPPE': 45000000.0, 'capitalExpenditure': -8151000000.0, 'gainLossOnInvestmentSecurities': -433000000.0, 'changeInPayable': 739000000.0, 'taxesRefundPaid': -1131000000.0, 'netCommonStockIssuance': -468000000.0, 'netBusinessPurchaseAndSale': -499000000.0, 'changeInInventory': -131000000.0, 'stockBasedCompensation': 147000000.0, 'netOtherFinancingCharges': -1000000000.0, 'issuanceOfDebt': 18571000000.0, 'purchaseOfBusiness': -499000000.0, 'netShortTermDebtIssuance': -541000000.0, 'saleOfBusiness': 0.0, 'depreciation': 9795000000.0, 'netIssuancePaymentsOfDebt': 11850000000.0, 'longTermDebtIssuance': 18571000000.0, 'netInvestmentPurchaseAndSale': -1360000000.0, 'changeInWorkingCapital': 577000000.0, 'interestPaidCFF': -1297000000.0, 'changeInReceivables': -31000000.0}}, {'2020-03-31': {'issuanceOfCapitalStock': 7000000.0, 'changesInCash': -61000000.0, 'purchaseOfInvestment': -1832000000.0, 'commonStockPayments': -821000000.0, 'longTermDebtPayments': -16028000000.0, 'netIncome': -920000000.0, 'dividendsReceivedCFI': 417000000.0, 'cashDividendsPaid': -2296000000.0, 'netIncomeFromContinuingOperations': -455000000.0, 'freeCashFlow': 9774000000.0, 'investingCashFlow': -8088000000.0, 'financingCashFlow': -9352000000.0, 'interestReceivedCFI': 371000000.0, 'gainLossOnSaleOfPPE': 51000000.0, 'otherNonCashItems': -729000000.0, 'purchaseOfIntangibles': -2423000000.0, 'netPPEPurchaseAndSale': -5121000000.0, 'endCashPosition': 13288000000.0, 'effectOfExchangeRateChanges': -256000000.0, 'depreciationAndAmortization': 14174000000.0, 'commonStockDividendPaid': -2296000000.0, 'commonStockIssuance': 7000000.0, 'netIntangiblesPurchaseAndSale': -2423000000.0, 'saleOfInvestment': 7792000000.0, 'netLongTermDebtIssuance': -6036000000.0, 'operatingCashFlow': 17379000000.0, 'deferredTax': 1250000000.0, 'repurchaseOfCapitalStock': -821000000.0, 'purchaseOfPPE': -5182000000.0, 'changeInCashSupplementalAsReported': -61000000.0, 'repaymentOfDebt': -16028000000.0, 'beginningCashPosition': 13605000000.0, 'saleOfPPE': 61000000.0, 'capitalExpenditure': -7605000000.0, 'gainLossOnInvestmentSecurities': -248000000.0, 'changeInPayable': -100000000.0, 'taxesRefundPaid': -930000000.0, 'netCommonStockIssuance': -814000000.0, 'netBusinessPurchaseAndSale': -7292000000.0, 'changeInInventory': 68000000.0, 'stockBasedCompensation': 146000000.0, 'netOtherFinancingCharges': -160000000.0, 'issuanceOfDebt': 9992000000.0, 'purchaseOfBusiness': -11719000000.0, 'netShortTermDebtIssuance': 2586000000.0, 'saleOfBusiness': 4427000000.0, 'depreciation': 14174000000.0, 'netIssuancePaymentsOfDebt': -3450000000.0, 'longTermDebtIssuance': 9992000000.0, 'netInvestmentPurchaseAndSale': 5960000000.0, 'changeInWorkingCapital': -70000000.0, 'interestPaidCFF': -2284000000.0, 'changeInReceivables': -38000000.0}}, {'2021-03-31': {'issuanceOfCapitalStock': 5000000.0, 'netForeignCurrencyExchangeGainLoss': 23000000.0, 'changesInCash': -7243000000.0, 'purchaseOfInvestment': -3726000000.0, 'commonStockPayments': -62000000.0, 'longTermDebtPayments': -12237000000.0, 'netIncome': 112000000.0, 'dividendsReceivedCFI': 628000000.0, 'cashDividendsPaid': -2427000000.0, 'netIncomeFromContinuingOperations': 536000000.0, 'freeCashFlow': 8575000000.0, 'investingCashFlow': -9262000000.0, 'financingCashFlow': -15196000000.0, 'interestReceivedCFI': 301000000.0, 'gainLossOnSaleOfPPE': 17000000.0, 'otherNonCashItems': 1506000000.0, 'purchaseOfIntangibles': -3227000000.0, 'netPPEPurchaseAndSale': -5370000000.0, 'endCashPosition': 5790000000.0, 'effectOfExchangeRateChanges': -255000000.0, 'depreciationAndAmortization': 14101000000.0, 'commonStockIssuance': 5000000.0, 'netIntangiblesPurchaseAndSale': -3227000000.0, 'saleOfInvestment': 1704000000.0, 'netLongTermDebtIssuance': -7878000000.0, 'operatingCashFlow': 17215000000.0, 'deferredTax': 3864000000.0, 'repurchaseOfCapitalStock': -62000000.0, 'purchaseOfPPE': -5413000000.0, 'changeInCashSupplementalAsReported': -7243000000.0, 'repaymentOfDebt': -12237000000.0, 'beginningCashPosition': 13288000000.0, 'saleOfPPE': 43000000.0, 'capitalExpenditure': -8640000000.0, 'gainLossOnInvestmentSecurities': -1400000000.0, 'changeInPayable': -730000000.0, 'taxesRefundPaid': -1020000000.0, 'netCommonStockIssuance': -57000000.0, 'netBusinessPurchaseAndSale': 428000000.0, 'changeInInventory': -68000000.0, 'stockBasedCompensation': 146000000.0, 'netOtherFinancingCharges': 500000000.0, 'issuanceOfDebt': 4359000000.0, 'purchaseOfBusiness': -149000000.0, 'netShortTermDebtIssuance': -2791000000.0, 'saleOfBusiness': 577000000.0, 'depreciation': 14101000000.0, 'netIssuancePaymentsOfDebt': -10669000000.0, 'longTermDebtIssuance': 4359000000.0, 'netInvestmentPurchaseAndSale': -2022000000.0, 'changeInWorkingCapital': -216000000.0, 'interestPaidCFF': -2152000000.0, 'changeInReceivables': 582000000.0}}, {'2022-03-31': {'issuanceOfCapitalStock': 0.0, 'changesInCash': 1507000000.0, 'purchaseOfInvestment': -2009000000.0, 'commonStockPayments': -2087000000.0, 'longTermDebtPayments': -8248000000.0, 'netIncome': 2088000000.0, 'dividendsReceivedCFI': 638000000.0, 'cashDividendsPaid': -2474000000.0, 'netIncomeFromContinuingOperations': 2624000000.0, 'freeCashFlow': 9021000000.0, 'investingCashFlow': -6868000000.0, 'financingCashFlow': -9706000000.0, 'interestReceivedCFI': 247000000.0, 'gainLossOnSaleOfPPE': 30000000.0, 'otherNonCashItems': 1885000000.0, 'purchaseOfIntangibles': -3262000000.0, 'netPPEPurchaseAndSale': -5765000000.0, 'endCashPosition': 7371000000.0, 'effectOfExchangeRateChanges': 74000000.0, 'depreciationAndAmortization': 13845000000.0, 'commonStockIssuance': 0.0, 'netIntangiblesPurchaseAndSale': -3262000000.0, 'saleOfInvestment': 3282000000.0, 'netLongTermDebtIssuance': -5700000000.0, 'operatingCashFlow': 18081000000.0, 'deferredTax': 1330000000.0, 'repurchaseOfCapitalStock': -2087000000.0, 'purchaseOfPPE': -5798000000.0, 'changeInCashSupplementalAsReported': 1507000000.0, 'repaymentOfDebt': -8248000000.0, 'beginningCashPosition': 5790000000.0, 'saleOfPPE': 33000000.0, 'capitalExpenditure': -9060000000.0, 'gainLossOnInvestmentSecurities': -254000000.0, 'changeInPayable': 384000000.0, 'taxesRefundPaid': -925000000.0, 'netCommonStockIssuance': -2087000000.0, 'netBusinessPurchaseAndSale': 1000000.0, 'changeInInventory': -162000000.0, 'stockBasedCompensation': 173000000.0, 'netOtherFinancingCharges': -104000000.0, 'issuanceOfDebt': 2548000000.0, 'purchaseOfBusiness': -445000000.0, 'netShortTermDebtIssuance': 3002000000.0, 'saleOfBusiness': 446000000.0, 'depreciation': 13845000000.0, 'netIssuancePaymentsOfDebt': -2698000000.0, 'longTermDebtIssuance': 2548000000.0, 'netInvestmentPurchaseAndSale': 1273000000.0, 'changeInWorkingCapital': -416000000.0, 'interestPaidCFF': -1804000000.0, 'changeInReceivables': -638000000.0}}]}}
